1967 2930
299 56 344 87 Cl.
355 56 434 88 xxl.
467 56 634 90 Monoecia.

101 144 246 170 „Antequam
264 144 325 164 noret
340 145 382 171 pi.,
409 145 430 165 iu
454 145 523 165 culmo
542 145 579 164 vix
598 145 679 169 digitali
696 145 768 171 spicas
789 145 844 170 gerit
864 150 915 164 ere—

68 178 116 198 ctas
135 178 236 204 aquen-as
254 181 275 198 et
292 182 362 202 atras:
381 182 496 205 antequam
514 185 566 199 vero
581 180 663 199 semina
682 182 762 199 matura
776 181 838 203 sunt,
863 180 914 199 alti-

67 212 163 232 tudInem
181 213 276 238 pedalem
296 213 359 237 lunge
377 216 466 239 superat
484 216 506 234 et
526 214 594 239 spicis
612 213 711 239 pen-iulis
725 214 861 239 capsulisque
874 214 913 233 ssa-

66 247 207 266 veaeentibus
223 254 249 267 ac
264 248 379 272 variegatis
395 250 522 268 oneratur.''
544 249 585 268 Ι-Ἰ,
611 248 690 274 [app.
715 247 761 269 ⁰11⁸.
776 244 801 277 β.

102 281 131 302 H.
158 282 241 306 clisl'.
272 288 329 308 εμπ.
371 282 399 302 fi.
424 282 483 308 lapp.
506 281 615 303 Senem-h.
638 282 659 302 u.
682 288 726 305 cc„
753 282 767 301 Ι.
783 283 837 302 nal.
861 281 903 307 alp.

67 313 136 340 Lupp.
153 317 174 334 et
189 315 250 337 Helv.
271 327 298 330 —
332 317 369 336 ΓΙ.
393 317 473 342 [app.
493 323 551 343 syn.
577 315 683 336 Schcurh.
702 316 771 338 nuda,
788 316 808 336 ii.
825 321 856 335 cc.
877 327 911 331 —

68 349 111 370 1¹1.
128 349 152 370 S.
168 355 229 376 syn.
254 350 326 370 tudem
339 353 358 369 r!
371 351 394 371 C.
411 350 489 376 alpina,
508 350 543 371 sol.
558 350 746 375 caryophyiiaeis.
771 350 831 369 caule
857 355 910 368 con-

65 383 129 403 cinne
158 384 258 409 3quetro,
277 386 341 409 capit.
364 385 482 410 compactis
500 384 614 410 pult-hellis
633 386 676 405 etc.
716 383 781 403 mich.
805 389 852 408 gen.
872 383 904 404 62³.

66 420 117 439 (eh
139 416 164 437 C.
184 419 250 444 spicis
268 420 340 438 obesis
361 419 492 444 simplicibus
511 418 619 444 petiolatis
644 417 701 439 Hali.
726 417 783 438 heir.
802 417 862 439 246..
889 417 910 436 in

66 450 97 472 ed.
117 452 150 474 I.)
814 451 816 453 “

101 485 186 512 [Ohs.
218 486 251 511 (Υ.
268 487 293 506 cle
312 487 344 513 pl.
362 486 461 507 herbarii
479 487 554 506 Linn..·
574 485 681 507 Smitli.
698 484 766 506 bril.
788 484 821 510 fl.
847 484 892 510 la]

98 537 157 559 708³.
199 526 231 555 C.
253 527 354 555 limosa
380 534 423 566 Sp.
441 535 473 559 I:
493 534 524 559 C.
547 533 623 566 spicis
649 531 841 566 oblongo-(II.
860 532 909 564 cl.)

66 567 150 592 ovatis
169 568 297 601 pendulis:
324 568 434 592 mascula
459 568 572 600 longiore
598 567 738 595 erectiore,
764 566 850 590 radice
869 575 910 591 re-

64 606 147 660 pente.
179 602 211 626 Η.
227 602 286 626 cliii.
305 611 328 634 p.
341 602 399 627 439.
418 611 440 626 n.
454 602 478 627 8.
513 603 543 626 It.
560 602 625 635 guil.
643 609 669 632 p.
687 601 743 625 240.
779 599 817 624 Fi.
835 608 904 625 suec.

79 655 84 659 .
102 645 125 661 n.
141 635 197 662 762.
213 636 244 660 ll.
268 637 324 661 550.
358 636 437 660 Gmcl.
462 636 507 660 sib.
525 636 548 660 l.
566 644 588 668 p.
606 635 661 659 140.
688 637 734 666 Sp.
751 635 771 659 1.
792 636 817 659 S.
830 634 860 659 X.
878 644 901 659 n.

63 670 172 702 21.,Sp.
186 671 218 694 II.
235 672 261 694 S.
277 670 337 694 XII.
353 679 376 694 n.
390 669 429 695 27.
444 683 478 688 ·-—
490 671 552 694 Oed.
567 671 628 694 (Ian.
642 670 691 694 15&
701 670 713 693 ¹?
732 670 771 701 (S.
781 668 851 692 XIII.
861 672 867 697 )
878 683 907 686 —

65 704 95 729 C.
117 704 193 738 spicis
213 713 300 729 versus
315 704 411 736 apicem
430 704 558 736 pendulis:
583 704 720 728 masculina
738 707 764 727 et
783 703 903 727 femineis.

64 738 104 763 Fl.
121 739 188 772 lapp.
201 747 222 763 n.
239 738 295 763 325.
330 738 359 762 C.
374 738 450 771 spicis
465 738 616 762 seminiferis
635 737 692 762 latis
713 737 828 762 ovaiibus
845 746 906 770 pen-

64 773 137 798 dulis.
161 773 227 798 Hali.
243 772 306 797 helv.
317 772 374 797 239.
398 772 555 805 Cyperoides
567 772 637 805 spica
653 772 762 805 pendula
774 772 905 796 breviore:

62 807 173 840 squamis
191 816 205 831 e
222 806 341 840 spadiceo
360 815 380 830 s.
393 807 465 830 fusco
485 807 604 831 rutilante
619 806 749 831 viridibus.
774 806 899 830 Scheuch.

63 849 144 874 gram.
155 841 213 866 442.
225 846 243 865 t.
260 841 297 865 10.
313 841 330 864 f.
345 841 384 866 15.
399 854 425 858 —
450 841 561 865 Gramen
581 841 736 873 preroides
754 841 825 873 spica
842 849 905 873 pen-

62 876 126 900 dula
144 876 235 900 minus.
268 875 416 908 Baithpin.
429 874 468 899 85.
495 876 538 907 (S.
559 874 723 907 X11.X111.)
737 889 770 893 —
798 874 906 899 Habitat

61 909 87 934 in
104 909 225 942 Europae
243 908 352 941 frigidae
366 909 500 942 paludibus
521 909 661 942 sylvaticis.
760 909 820 942 [Sp.
829 910 846 934 1.
857 909 904 942 11.]

96 954 176 979 „Haec
201 955 338 980 praecedenti
361 956 435 975 similis
461 956 480 975 Ia
495 956 527 979 ie,
553 959 643 982 utraque
668 956 723 975 enim
744 956 811 981 spicis
838 956 904 980 nigris

60 989 147 1014 gaudet.
168 989 271 1008 Bracteae
291 989 363 1009 fuscae
381 991 463 1016 absque
486 990 543 1010 linea
566 991 587 1010 in
612 990 682 1010 medio
701 990 812 1011 :uiui-liure.
845 989 904 1015 styli

60 1024 81 1044 ia
97 1023 182 1048 singulo
203 1024 297 1048 germine
312 1024 346 1046 3.'·
383 1025 423 1046 Fl.
446 1025 471 1045 S.
485 1026 503 1047 1.
520 1025 553 1047 ΙΙ.
569 1037 602 1041 -
630 1024 709 1049 „Folia
727 1027 819 1049 angusta
836 1026 857 1044 et
877 1025 904 1045 ii-

58 1058 157 1078 nearia.''
195 1058 234 1079 FI.
260 1058 285 1080 S.
302 1059 334 1080 ΙΙ.

94 1092 195 1118 „Spicae
211 1094 349 1112 communiter
366 1093 378 1112 4
396 1094 458 1116 sunt,
484 1098 572 1118 quarum
588 1093 601 1112 3
618 1093 722 1113 femineae
741 1094 818 1113 ovatae
835 1093 904 1118 Sque-

59 1127 105 1147 trae
121 1128 143 1146 et
159 1129 246 1148 atrae.''
277 1127 317 1148 ΡΙ.
340 1127 420 1153 lupp.
438 1127 480 1148 obs.
497 1124 522 1157 β.
545 1128 633 1154 [Descr.
654 1128 711 1147 latine
727 1128 783 1149 ezel.
800 1127 860 1153 San]

95 1169 188 1193 „Cauiis
201 1170 296 1194 squamis
311 1170 400 1189 alternis
418 1170 541 1193 obducitur,
560 1176 615 1195 quae
634 1171 723 1195 vaginae
739 1172 790 1190 sunt
807 1170 903 1190 soliorum

59 1203 209 1229 praecedentis
227 1204 275 1223 anni
286 1219 291 1226 ,
310 1206 331 1223 et
350 1204 448 1223 stolones
467 1205 548 1229 vaginis
565 1205 645 1230 absque
667 1205 722 1224 soliis
738 1205 820 1224 inferne
833 1206 902 1224 vesti-

58 1240 136 1261 uatum
153 1243 181 1257 ex
196 1237 269 1257 horum
282 1238 330 1257 sinu
349 1240 478 1257 exseruntur
498 1239 606 1258 filisormes
621 1239 705 1259 radices
720 1241 742 1259 et
759 1241 902 1262 tomentosae,

59 1276 114 1297 quae
132 1271 219 1291 fundum
235 1274 325 1298 petunt,
351 1272 482 1294 radicantur.
490 1275 500 1281 '¹
529 1274 555 1295 ΙΙ,
571 1273 652 1298 cliff-

95 1306 135 1326 Pl.
154 1306 237 1332 [app.
252 1312 307 1332 syn.
339 1306 445 1327 Stheneli.
460 1318 491 1321 —
514 1308 552 1327 ΡΙ.
570 1307 594 1328 S.
616 1313 676 1333 syn.
698 1306 728 1328 id.
749 1308 783 1329 (et
805 1307 866 1329 Hnll,
881 1307 898 1328 I.

57 1346 78 1361 c.
93 1340 115 1359 in
125 1339 158 1361 ed.
176 1341 212 1364 I.)
224 1351 250 1355 -
269 1341 295 1360 Η.
311 1341 392 1365 clifs.
411 1347 467 1367 syn.
493 1341 522 1362 fl.
535 1342 590 1367 iapp.
604 1341 711 1362 Scheucii.
727 1341 750 1363 li.
764 1347 795 1362 ce.
805 1357 810 1365 ,
828 1342 903 1367 Cype-

56 1374 130 1394 roldes
149 1375 211 1399 spica
230 1375 322 1400 pendula
338 1375 435 1394 breviore
453 1376 530 1398 minus.
559 1376 616 1397 Cels.
633 1381 681 1402 ups.
699 1376 742 1399 13.;
757 1386 783 1390 -
807 1376 822 1396 l.
838 1377 896 1396 nat.

56 1409 78 1428 in
90 1408 202 1434 paludibus
211 1408 276 1429 Suec.
291 1410 359 1435 Lapp.
373 1409 435 1430 Hciv.
449 1412 532 1431 etc.—
543 1410 570 1431 ΙΙ.
587 1410 660 1436 9⁰11.
672 1411 688 1432 Ι.
697 1415 715 1430 c.
728 1410 776 1430 sola
785 1410 901 1435 diafflwsis.

91 1451 173 1477 [θῦε.
199 1451 277 1471 Subest
298 1453 353 1471 cerie
369 1451 392 1473 s.
408 1452 514 1476 [Iacca
531 1452 663 1477 Salina„
682 1452 711 1473 ad
726 1458 791 1479 quam
806 1452 822 1474 Ι.
840 1454 898 1473 nat.

57 1486 119 1507 Gon.
129 1488 214 1512 elsyn.
234 1485 306 1507 frisii.
328 1486 429 1511 ll'hlub,]

90 1528 145 1549 mst.
187 1517 220 1546 C.
243 1518 388 1555 capillatis
406 1525 496 1557 Sp.l..·
516 1525 546 1550 C.
560 1525 638 1559 spicis
655 1525 783 1559 pendulis:
802 1533 900 1551 mascu-

55 1558 81 1584 la
95 1562 190 1589 erecta,
204 1558 317 1583 femineis
333 1559 448 1591 oblongis
463 1559 588 1591 distichis,
603 1568 672 1594 caps.
683 1560 754 1585 nudis
771 1560 899 1585 acumina—-

54 1592 96 1618 tis.
126 1592 164 1617 Fi.
180 1601 250 1618 suec.
262 1592 280 1617 1.
299 1601 321 1617 n.
336 1592 392 1618 763.
410 1594 440 1618 11.
457 1594 515 1618 851.
535 1594 567 1619 It.
578 1595 640 1627 goti.
655 1604 681 1628 p.
693 1594 751 1619 240.
775 1595 818 1627 Sp.
832 1595 850 1619 1.
866 1595 892 1619 S.

55 1627 90 1653 X.
109 1636 136 1652 n.
150 1626 204 1657 ⁶22..
223 1628 266 1659 Sp.
279 1627 313 1652 II.
334 1628 361 1652 S.
378 1627 437 1652 XII.
460 1637 483 1652 n.
504 1628 544 1653 28.
561 1643 594 1647 —
619 1629 691 1654 Oed.
709 1629 780 1653 dan.
800 1632 817 1653 t.
836 1628 893 1654 168.

53 1661 100 1694 (S.
113 1661 173 1686 XII.
188 1661 279 1693 XIII.)
293 1675 319 1679 —
342 1661 372 1686 C.
385 1670 423 1694 sp.
436 1670 468 1686 ex
481 1662 554 1695 apice
570 1662 698 1696 pendulis:
717 1663 854 1688 masculina
872 1666 899 1688 et

53 1695 168 1721 femineis
184 1695 255 1720 albis.
278 1694 316 1719 Fl.
331 1695 397 1729 lapp.
412 1705 436 1721 n.
450 1696 508 1721 326.
534 1711 567 1715 —
595 1697 751 1730 Cyperoides
771 1698 897 1730 alpinum,

52 1731 132 1763 spicis
148 1729 304 1762 seminiferis
317 1730 448 1762 pendnlis:
464 1731 530 1755 binis
549 1731 576 1755 in
591 1740 688 1756 summo
707 1732 786 1756 caule.
811 1732 893 1766 Segu.

51 1772 140 1790 veron.
151 1763 177 1789 3.
189 1772 215 1797 p.
225 1763 264 1789 83.
278 1767 296 1788 t.
306 1763 330 1789 3.
343 1766 370 1796 s.
382 1764 408 1790 i.
430 1765 492 1797 (Sp.
506 1765 558 1798 11.)
571 1779 597 1783 -—
620 1766 666 1790 Gr.
682 1765 833 1798 cyperoides
849 1774 897 1799 pu-

52 1798 147 1829 sillum,
171 1798 242 1832 spica
266 1797 429 1824 flavescente.
459 1799 544 1824 Rudb.
562 1799 625 1833 elys.
640 1800 663 1826 1.
676 1809 701 1834 p.
712 1799 751 1825 58.
769 1804 788 1825 t.
803 1800 844 1825 40.
865 1814 896 1819 —

52 1832 161 1858 Habitat
173 1832 198 1858 in
215 1832 324 1857 Sueciae
342 1833 422 1866 pratis
439 1833 554 1859 humidis.
749 1835 897 1867 [Sp.1.11.]

87 1870 180 1896 „Quam
197 1871 285 1896 primum
303 1871 395 1896 erumpit
412 1871 520 1891 minimum
544 1871 611 1892 hocce
630 1877 729 1897 gramen,
749 1873 804 1898 gerit
824 1873 897 1898 spicas

52 1910 127 1926 omnes
149 1910 177 1925 ex
197 1905 259 1931 apice
280 1905 426 1930 prodeuntes:
444 1908 585 1932 posteaquam
598 1908 669 1926 autem
690 1907 803 1931 maturuit,
820 1906 897 1933 pedale

52 1940 88 1960 eut
102 1940 125 1960 et
140 1939 221 1966 spicam
241 1938 333 1959 infimam
352 1940 417 1966 paulo
439 1942 542 1960 remotam
558 1946 571 1960 a
589 1941 678 1966 reliquis
696 1941 815 1962 exhibet.''
847 1941 892 1963 ΡΙ.

52 1973 131 2000 lapp.
149 1973 194 1994 obs.
215 1969 240 2003 β.

85 2007 169 2032 „Hanc
185 2013 221 2034 sp.
241 2013 287 2028 cum
305 2008 355 2028 oiim
373 2007 465 2033 legeram
477 2008 604 2033 florentem,
623 2014 663 2035 per
678 2009 822 2029 maturitatem
843 2014 896 2029 eva-

53 2040 105 2062 dere
118 2041 207 2063 eandem
224 2047 273 2062 eum
289 2042 390 2068 sequenti
408 2042 448 2068 [ιι.
461 2043 536 2069 7⁰85.]
555 2043 699 2067 credideram,
723 2043 763 2063 sed
783 2043 894 2069 copiosius

52 2075 195 2096 lect-limites
209 2076 323 2096 absolutos
333 2082 388 2096 nnnc
399 2078 473 2097 statuo
486 2079 517 2101 l„
525 2077 624 2097 dudum
639 2079 683 2097 sta
692 2079 700 2097 t
709 2083 722 2097 u
730 2077 763 2098 ιζ’·
781 2077 822 2098 Ed.
832 2078 890 2102 11.).

52 2107 114 2130 Haec
129 2114 164 2136 ep.
176 2111 200 2130 et
214 2111 283 2131 mlnur
299 2113 321 2131 et
338 2111 448 2136 angustior
463 2113 486 2131 et
503 2112 600 2132 tenerior
619 2112 717 2131 omnibus
735 2111 779 2131 suis
798 2112 894 2137 portibus

53 2144 96 2165 ent.
117 2143 174 2164 Dum
185 2144 259 2169 floret,
276 2151 356 2171 scapus
371 2145 423 2165 solio
435 2145 531 2170 brevior,
550 2147 586 2171 Vl¹
603 2145 665 2171 digiti
685 2146 802 2166 transversi
821 2146 893 2171 iongi-

53 2176 114 2202 tud..
136 2178 199 2198 nnlco
215 2178 267 2199 solio
285 2180 418 2203 instructus,
436 2185 449 2200 e
467 2180 527 2206 cujus
543 2181 604 2206 apice
620 2181 693 2206 spicae
706 2180 719 2200 Δ
738 2180 893 2206 pedunculatae

52 2210 210 2238 producuntur,
226 2215 311 2234 erectae
327 2213 410 2238 adhuc,
427 2219 516 2240 quarum
530 2215 594 2234 unica
608 2213 703 2234 mascula
720 2217 767 2237 est.
793 2216 815 2234 at
833 2215 893 2234 brevi

51 2246 149 2271 tempore
165 2245 189 2266 flt
209 2247 276 2268 muli·
289 2247 436 2273 spithameus
452 2248 498 2270 aur.
514 2250 612 2273 erectus,
636 2249 656 2268 in
675 2248 744 2268 medio
763 2249 826 2268 unico
841 2248 891 2268 solio

51 2279 168 2305 vaginante
189 2280 271 2304 (culmo
293 2282 342 2308 ipsu
365 2285 435 2302 tamen
451 2283 564 2308 breviore)
585 2276 718 2307 instructus,
738 2289 750 2302 e
773 2283 834 2303 cuius
857 2282 892 2302 ala

51 2314 114 2340 epita
139 2309 232 2339 pendula
254 2316 276 2335 et
297 2321 365 2342 prope
385 2317 470 2342 apicem
494 2317 557 2337 culmi
580 2317 652 2338 folium
675 2322 764 2343 parvum
787 2317 891 2342 vaginans

51 2353 101 2368 cum
115 2347 184 2368 alten
198 2349 258 2374 opion
273 2349 367 2374 pendula
381 2350 495 2376 petiolum
513 2357 571 2378 apex
589 2354 660 2372 autem
679 2352 726 2377 ipse
742 2351 804 2371 culmi
819 2358 831 2371 c
850 2357 890 2371 va-

51 2382 102 2408 gina
118 2382 157 2402 vix
170 2381 260 2409 Iollaeee
275 2384 353 2404 emittlt
363 2389 398 2410 ep.
411 2386 527 2406 masculam
541 2388 564 2406 et
579 2385 705 2409 femineam,
727 2387 829 2411 utrasque
848 2391 890 2411 pe-

51 2416 145 2440 tiolum.
156 2415 256 2442 hancque
271 2417 391 2443 pendulum.
419 2418 499 2446 spicae
511 2420 615 2440 femineae
630 2420 725 2446 capsulis
740 2420 815 2443 rusris,
833 2425 888 2440 acu-

49 2450 148 2474 mlmtiu.
163 2450 266 2476 anemis,
280 2451 366 2472 bractea
380 2453 460 2473 cadum
474 2459 513 2480 per
531 2455 675 2476 maturitatem
687 2454 820 2478 destitutis:
841 2454 882 2476 ΡΙ.

50 2484 76 2506 S.
93 2484 110 2505 I.
120 2484 167 2508 II..
185 2499 240 2507 .....
264 2487 375 2508 ..remotis
395 2486 532 2511 distantibus.
551 2488 672 2515 peduncuio
690 2489 776 2508 omnino
792 2488 887 2514 capillati

48 2518 201 2542 inuidentibus,
237 2517 285 2544 tis.
301 2518 407 2545 Seguleru
422 2521 436 2542 l.
450 2527 469 2543 e.
491 2523 571 2549 optima
586 2525 628 2548 est,
644 2525 668 2543 ut
687 2528 772 2548 gramen
790 2522 831 2543 hoc
845 2528 886 2542 ne-

47 2554 115 2580 queat
130 2558 174 2573 non
187 2552 286 2585 sacilllme
303 2553 407 2580 dignosci.
416 2555 428 2565 ¹·
458 2556 500 2577 ΡΙ.
525 2556 550 2578 S.
564 2557 596 2578 ΙΙ,

84 2587 125 2608 Ft.
148 2585 173 2608 S.
191 2593 248 2614 syn.
279 2587 349 2610 nuda.
363 2588 377 2608 Ι.
397 2594 416 2609 c.
436 2590 484 2614 (ιι,-
501 2589 566 2616 sega.
583 2591 598 2612 Ι.
616 2591 705 2617 c,opt.,
723 2591 745 2611 in
761 2590 794 2612 ed.
811 2591 888 2616 lldu.)

47 2630 81 2637 —
98 2621 139 2644 ΡΙ.
152 2621 230 2648 [app.
245 2627 301 2648 syn.
325 2621 396 2645 nuda.
410 2623 425 2644 Ι.
437 2629 470 2648 e„
483 2623 521 2646 Gr.
535 2631 585 2651 cyp.
606 2625 766 2652 polystachyon
783 2627 826 2646 etc.
849 2625 882 2651 [v.

45 2654 148 2682 mm]
174 2655 237 2677 Pluk.
259 2655 320 2676 t.³⁴.
336 2655 350 2678 t
365 2657 398 2681 5.;
416 2657 467 2679 add.
487 2664 545 2685 syn.
581 2659 638 2680 Cels.
665 2665 714 2686 upa.
740 2660 784 2684 18.,
800 2659 830 2681 ad
846 2665 882 2686 sp.

43 2694 121 2717 praec.
134 2690 256 2716 pertinens.
270 2694 325 2716 qnae
341 2695 399 2715 corr,
412 2691 436 2712 iu
448 2692 477 2714 H.
491 2692 546 2719 cliff.
571 2695 591 2714 et
606 2693 639 2714 ed.
651 2693 683 2716 11.

78 2738 136 2762 7035,
177 2728 211 2758 C.
231 2729 395 2777 pelleae-ens
415 2738 507 2779 Sp.1..·
530 2739 560 2765 C.
575 2737 654 2779 apicis
677 2739 810 2774 pendulis:
831 2748 885 2765 rna-

43 2769 116 2796 ncula
130 2774 227 2803 erecta,
245 2771 358 2797 femineis
370 2776 455 2799 ovans
469 2773 618 2805 imbricatis,
636 2774 748 2808 capsulis
763 2775 885 2801 confertis

881 56 997 89 Canax.

1731 51 1794 83 925

1096 139 1136 164 Fi.
1158 147 1227 164 suec.
1249 139 1269 165 1.
1294 148 1316 164 n.
1334 138 1392 165 764.
1414 138 1439 163 11
1467 138 1526 163 852.
1552 139 1582 164 1t.
1602 138 1667 172 gotl.
1686 145 1711 170 p.
1728 136 1786 163 240.

1153 182 1175 207 p.
1196 173 1249 198 139.
1287 176 1330 206 Sp.
1346 175 1366 198 1.
1379 174 1404 197 S.
1418 172 1450 198 X.
1465 182 1489 198 n.
1501 172 1556 203 23..
1572 174 1615 205 s'p.
1632 173 1665 196 II.
1684 173 1708 196 S.
1725 170 1787 196 XII.

1239 55 1312 86 ord.
1327 55 1373 85 Ill.
1409 54 1575 85 Triandria.

951 139 1055 165 obtusis.

950 174 1032 199 Gmei.
1052 173 1098 199 sib.
1115 174 1137 198 1.

948 218 973 233 n.
987 209 1027 233 26.
1048 222 1081 226 —-
1109 208 1137 232 C.
1158 208 1234 241 spicis
1256 208 1337 232 tribus
1365 207 1540 241 pedunculatis
1563 206 1656 231 erectis
1677 206 1791 232 remotis:

947 242 1057 267 mascula
1073 246 1099 267 et
1115 242 1236 266 femineis.
1257 242 1294 266 Fi.
1310 243 1373 275 iapp.
1388 251 1410 266 n.
1422 241 1482 267 327.
1504 242 1567 274 Roy.
1581 241 1665 272 iugdb.
1677 239 1716 266 75.
1737 240 1791 272 Cy-

946 276 1063 309 peroides
1091 276 1265 309 polystacinion
1296 276 1434 305 tiavicans,
1470 275 1546 309 spicis
1573 275 1691 300 brevibus
1713 282 1791 307 prope

945 311 1111 335 summitatem
1136 310 1223 335 caulis.
1250 309 1322 334 Pluk.
1343 310 1399 335 alm.
1435 309 1488 335 1725.
1518 314 1535 335 t.
1553 309 1593 333 34.
1621 309 1637 333 f.
1657 309 1681 333 5,
1706 308 1784 332 Mich.

945 353 1002 377 gen.
1017 344 1057 369 61.
1080 348 1098 368 t.
1107 343 1148 368 39.
1167 344 1232 370 [13.
1269 344 1379 369 Habitat
1398 344 1422 369 in
1439 344 1558 377 Europae
1573 343 1713 377 paludibus.
1736 345 1768 372 21.

1642 376 1789 410 [sp.1.11.]

980 415 1058 439 „Foiia
1076 415 1240 440 pubescentia.''
1267 416 1354 436 Mani.
1370 417 1400 437 11.
1415 422 1445 442 sq.

979 450 1088 474 „Culmus
1106 450 1265 475 spitiiamaeus,
1283 450 1381 475 squeter.
1414 450 1471 469 Folia
1485 448 1586 468 radicalia
1598 449 1623 472 3,
1643 454 1733 474 quorum
1751 453 1789 468 se-

945 483 1036 503 cundum
1054 484 1135 503 extimo
1155 484 1220 509 duplo
1238 484 1321 508 longius
1337 486 1383 507 est,
1402 486 1425 505 ut
1442 484 1506 503 Stium
1525 483 1579 505 2do,
1600 483 1657 508 quod
1674 484 1736 502 etiam
1754 483 1789 502 al-

944 518 1056 537 titudinem
1075 518 1138 537 cuimi
1157 519 1257 542 attingit;
1277 518 1329 537 haec
1348 518 1360 537 3
1375 519 1437 538 simui
1462 519 1544 537 unicum
1567 515 1576 546 ᾖ
1598 516 1677 543 partem
1696 517 1758 536 culmi
1776 523 1790 537 a

945 554 1005 578 parte
1020 552 1119 571 inferiore
1136 552 1266 572 obveniunt.
1303 553 1407 573 Quartum
1426 558 1476 571 vero
1498 551 1569 571 solium
1586 552 1676 571 culmum
1690 551 1717 570 ad
1734 551 1789 570 duas

944 588 1017 612 partes
1033 587 1109 605 tertias
1127 586 1226 609 inuoluit,
1243 586 1321 606 deinde
1339 588 1399 612 apice
1418 586 1543 606 extenditur
1561 585 1587 604 ad
1605 585 1693 605 ean-iem
1712 585 1788 604 altitu-

944 621 1015 640 dinem
1037 627 1083 639 cum
1100 621 1178 640 culmo.
1212 621 1277 646 Spica
1296 622 1357 640 unica
1375 627 1403 640 ex
1418 621 1450 640 aia
1469 620 1512 639 solii
1532 620 1601 644 quarti
1623 620 1668 639 exit
1687 620 1788 644 oblonga,

943 655 1065 680 peduncuio
1086 654 1149 679 longo
1168 657 1188 674 et
1203 657 1262 674 recto
1277 657 1410 678 sustenta=ta;
1428 655 1496 674 altera
1513 654 1612 678 superius
1631 654 1699 673 iocata
1718 654 1739 673 in
1753 654 1788 673 ala

943 689 1078 708 minutissimi
1096 689 1177 712 suiioii,
1196 692 1217 708 et
1236 690 1279 708 Stia
1298 696 1351 714 quae
1370 695 1414 708 mas
1436 691 1484 711 est,
1504 688 1584 707 caulem
1604 688 1714 711 terminat,
1740 693 1787 707 om-

942 729 982 743 nes
1000 723 1061 742 albae
1082 723 1159 742 sunt.''
1197 723 1238 743 Fl.
1255 724 1345 748 lapp..
1363 730 1410 743 cum
1431 729 1486 749 syn.
1517 722 1553 742 Gr.
1575 722 1717 747 eppei-uides,
1739 722 1787 746 spi-

942 758 974 777 cis
993 758 1056 778 albic.
1079 757 1183 782 plurimis.
1201 758 1220 777 in
1237 764 1298 777 unam
1315 758 1396 782 spicam
1409 758 1471 782 longe
1488 756 1555 776 dense
1574 757 1692 782 compactis
1710 755 1782 776 Rudis.

942 792 969 813 el.
982 792 999 812 1.
1016 798 1037 817 p.
1048 791 1080 811 54.
1097 791 1111 811 I.
1123 791 1156 811 ⁴20.
1170 791 1179 810 ’ζ’
1202 792 1269 815 (Sm.
1286 792 1357 817 Reliq.
1375 791 1447 813 Rusio.
1462 791 1496 815 2.)

976 841 989 850 ‚,
997 825 1056 845 Haec
1071 825 1214 850 praecedente
1232 826 1298 851 dupio
1313 829 1334 845 et
1350 827 1443 845 crassior
1455 827 1477 844 et
1492 824 1548 844 soliis
1564 824 1634 845 latior.
1658 823 1718 843 Folia
1733 829 1786 843 cau-

941 860 983 880 lina
1004 861 1040 880 vix
1061 860 1183 884 vaginantia
1201 863 1262 883 sunt,
1285 859 1360 885 longit.
1385 862 1455 881 tamen
1475 860 1559 885 apicem
1583 859 1644 878 culmi
1669 859 1779 884 superant.

940 894 1018 920 Spicae
1042 894 1089 914 sem.
1114 900 1187 913 omnes
1206 895 1372 920 pedunculatae,
1391 893 1524 918 albidae,
1543 894 1647 913 uvales
1664 892 1708 915 (ed.
1725 888 1785 920 11.),

940 929 1060 954 pendulae,
1083 928 1177 953 undique
1196 929 1317 948 imbricatae
1334 934 1374 948 nec
1398 928 1517 951 distichae,
1536 928 1628 947 bracteis
1647 927 1786 952 persistenti-

940 964 994 986 bus,
1019 963 1114 988 capsulis
1138 968 1192 983 con
1201 962 1294 987 sertis
1315 962 1366 987 (ed.
1382 964 1426 987 ΙΙ.)
1444 963 1530 982 omnino
1553 962 1648 985 obtusis,
1679 967 1719 981 nec
1742 960 1786 980 ullo

940 997 1004 1017 modo
1021 997 1162 1020 acuminatis,
1182 999 1205 1017 ut
1222 998 1302 1017 nulium
1321 998 1343 1017 in
1359 1001 1469 1023 posterum
1488 996 1588 1020 dubium,
1614 996 1665 1021 quin
1684 995 1786 1015 distincta

939 1031 1037 1052 habenda
1055 1033 1083 1051 sit
1101 1033 1176 1057 spec,''
1203 1032 1245 1053 Fi,
1266 1032 1292 1053 S.
1314 1032 1331 1052 1.
1356 1032 1401 1056 11.‚
1419 1042 1446 1046 —
1465 1037 1512 1051 cum
1533 1036 1590 1057 syn.
1624 1029 1690 1051 Mich.
1716 1029 1781 1050 Piuk.

940 1066 1010 1087 Rudb.
1027 1066 1048 1086 li.
1063 1072 1095 1087 ce.
1121 1067 1168 1089 (et:
1192 1065 1327 1091 Cyperoides
1350 1067 1417 1092 spicis
1435 1064 1573 1085 seminalibus
1593 1065 1677 1089 longius
1694 1063 1785 1090 pedicu-
1809 1055 1815 1063 ’

938 1100 988 1120 latis
1001 1101 1138 1124 nutantibus,
1156 1105 1255 1125 suprema
1269 1106 1348 1120 marem
1366 1100 1465 1125 gracilem
1485 1101 1507 1120 et
1524 1099 1617 1119 albidum
1632 1099 1777 1124 contingente.

938 1134 995 1156 Hali,
1011 1135 1069 1156 heiv.
1080 1134 1127 1156 237.
1141 1134 1227 1158 desen,
1245 1135 1267 1154 in
1283 1135 1316 1156 ed.
1334 1135 1367 1159 Ι.)

972 1169 1060 1193 „Quam
1074 1169 1095 1188 in
1108 1168 1148 1189 Fl.
1171 1169 1218 1194 lap
1227 1174 1248 1194 p.
1268 1170 1373 1195 proposui
1390 1174 1496 1195 quamque
1509 1168 1582 1189 Rudb.
1594 1166 1724 1191 delineavit,
1749 1167 1785 1186 est

937 1203 991 1223 haec
1004 1203 1077 1222 eadem
1094 1207 1130 1228 sp.
1148 1205 1244 1228 tempore
1261 1204 1433 1226 florescente-..23⁵
1471 1203 1513 1224 Fl.
1537 1202 1562 1223 S.
1579 1202 1596 1221 I.

974 1237 1035 1258 Obs.
1059 1238 1087 1258 It.
1101 1237 1154 1263 poll.
1171 1238 1220 1257 sola
1234 1237 1307 1264 tliaqu.
1328 1248 1361 1252 —
1381 1238 1416 1263 Cf.
1432 1237 1457 1257 de
1474 1243 1520 1264 syn.
1546 1236 1615 1257 Mich.
1634 1241 1654 1256 π.
1672 1234 1727 1255 7077.

971 1280 1029 1301 7086.
1071 1276 1130 1309 [Sp.
1149 1276 1266 1309 omissa.]
1304 1277 1389 1301 Cnrex
1414 1275 1490 1309 spicis
1513 1274 1625 1300 femineis
1651 1273 1782 1307 peduncu-

937 1311 996 1336 latis
1014 1310 1093 1335 laxis:
1111 1311 1212 1335 mascul.
1225 1314 1319 1337 erecta.
1337 1311 1426 1336 fulcris
1439 1309 1590 1344 petiolorum
1603 1307 1712 1342 aphyllis
1721 1315 1782 1340 spa-

937 1345 1126 1370 thaeformibus.
1164 1345 1322 1377 Cyperoides
1342 1344 1520 1379 polystachion
1544 1343 1677 1373 minimum,
1704 1341 1782 1374 spicis

938 1388 984 1413 per
1001 1379 1171 1404 maturitatem
1189 1379 1366 1404 albicantibus.
1404 1379 1500 1404 Tourn.
1516 1378 1574 1403 inst.
1590 1378 1662 1408 530„
1684 1376 1782 1401 C-des

936 1414 978 1439 sol.
1001 1413 1161 1444 tenuissimis,
1180 1414 1252 1438 caule
1269 1414 1451 1447 subtriquetro,
1469 1412 1546 1446 spicis
1559 1412 1658 1445 exiguis
1667 1409 1781 1436 albican-

935 1448 1017 1475 tibus,
1036 1447 1159 1481 pediculis
1177 1448 1259 1481 longis
1277 1448 1458 1479 insidentibus,
1489 1455 1558 1480 caps.
1579 1445 1716 1471 turbinatis
1737 1453 1781 1470 ro-

935 1481 1174 1515 tundo-triquetris
1200 1482 1399 1514 lutescentibus‚
1427 1482 1452 1506 in
1477 1481 1572 1514 apicem
1600 1478 1781 1510 tenuissimum,

935 1525 985 1542 una
1005 1518 1142 1550 praecipue
1158 1520 1231 1549 parte
1249 1521 1374 1550 apertum,
1393 1515 1541 1541 coarctatis.
1566 1514 1644 1541 Mich.
1659 1522 1716 1547 gen.
1728 1512 1780 1544 65,

935 1552 983 1576 Gr.
1001 1551 1153 1583 sylvaticum
1171 1551 1307 1584 augustii,
1326 1550 1398 1584 spica
1419 1550 1485 1576 alba.
1511 1549 1592 1574 Bauh.
1605 1549 1655 1582 pin.
1670 1549 1694 1572 4.
1708 1547 1780 1581 prod.

933 1585 975 1610 22.
995 1585 1087 1610 theatr.
1106 1584 1146 1610 47.
1189 1585 1315 1610 Scheuch.
1338 1585 1396 1610 hist.
1410 1584 1468 1611 410.
1487 1588 1505 1609 t.
1517 1584 1554 1608 10.
1576 1584 1593 1608 f.
1607 1583 1630 1609 3.
1672 1582 1740 1607 Hab-
1754 1581 1781 1607 in

933 1619 1012 1653 sylvis
1033 1619 1168 1644 Helvetiae
1194 1620 1279 1653 freq..
1306 1619 1332 1644 in
1357 1618 1499 1644 nemoribus
1526 1618 1609 1650 Belgii
1634 1616 1724 1643 rarius.
1746 1630 1781 1634 --

932 1657 1010 1678 Diisert
1027 1657 1152 1683 praesertim
1170 1657 1224 1678 haec
1243 1663 1278 1683 sp.
1304 1658 1331 1677 ab
1351 1657 1460 1677 Carice
1479 1655 1622 1683 [capulari]
1642 1655 1678 1676 ΡΙ.
1699 1655 1775 1680 lapp-

932 1698 955 1713 n.
966 1691 1026 1715 ³26„
1045 1691 1103 1717 quod
1121 1691 1220 1712 bracteae
1233 1691 1366 1718 pedunculos
1379 1692 1515 1717 excipientes
1534 1691 1554 1710 in
1569 1690 1684 1716 lapponica
1699 1689 1779 1708 exten-

932 1726 1011 1746 dantur
1024 1726 1050 1746 'in
1067 1726 1149 1749 folium,
1167 1728 1189 1746 at
1207 1728 1228 1747 in
1246 1726 1286 1746 hac
1301 1725 1359 1746 nulio
1374 1725 1446 1750 modo,
1465 1725 1505 1746 sed
1519 1727 1601 1745 tantum
1618 1724 1690 1744 tenuis
1710 1728 1780 1743 mem-

932 1760 999 1781 brana
1016 1760 1181 1786 spathaeformis
1199 1761 1280 1783 adstat.
1473 1760 1521 1786 [Η.
1535 1759 1590 1785 cliff.
1604 1765 1630 1785 p.
1644 1758 1690 1780 439.
1705 1763 1726 1778 n.
1739 1756 1779 1782 7,]

967 1793 1048 1821 [obs.
1074 1795 1161 1815 Videtur
1181 1796 1265 1816 omnino
1286 1795 1309 1816 C.
1333 1794 1405 1815 alba
1424 1794 1510 1820 Scap.
1533 1794 1579 1819 R.]

965 1837 1022 1858 7087.
1066 1826 1099 1855 c·
1121 1828 1243 1865 passlcea
1262 1834 1351 1867 sp.1..·
1371 1833 1399 1860 C.
1421 1833 1498 1867 spicis
1523 1830 1699 1866 pedunculatis
1720 1838 1777 1855 ere-

933 1867 981 1893 ctis
996 1867 1115 1893 remotis:
1137 1868 1251 1893 femineis
1268 1868 1420 1899 linearibus,
1447 1876 1515 1900 caps.
1538 1864 1719 1892 obtusiusculis
1736 1864 1776 1889 in-

931 1901 1008 1927 fiatis.
1028 1902 1067 1928 Fi.
1079 1910 1147 1927 suec.
1157 1903 1175 1927 I.
1191 1912 1216 1928 n.
1225 1902 1281 1928 765.
1299 1903 1331 1927 Il.
1340 1901 1398 1927 853.
1426 1902 1509 1927 Dalib.
1522 1900 1597 1934 paris.
1611 1900 1667 1925 283.
1693 1898 1775 1923 Gmel.

931 1936 978 1961 sib.
993 1937 1015 1961 l.
1029 1945 1053 1969 p.
1064 1935 1120 1961 136.
1143 1937 1187 1969 Sp.
1201 1938 1222 1961 Ι.
1237 1938 1261 1961 S.
1275 1937 1306 1962 X.
1319 1946 1344 1961 π.
1356 1936 1412 1966 24„
1432 1937 1477 1968 Sp.
1490 1937 1522 1960 ΙΙ.
1536 1936 1562 1960 S.
1575 1934 1633 1959 XII.
1647 1943 1673 1958 n.
1688 1932 1730 1958 30.
1744 1946 1772 1951 -

934 1971 995 1996 Occi.
1012 1971 1073 1995 dan.
1084 1969 1141 1995 261.
1163 1971 1207 2003 (S.
1220 1971 1309 2003 XIII.)
1323 1985 1355 1989 —
1375 1970 1404 1995 C.
1420 1970 1498 2004 spicis
1517 1969 1618 1994 remotis
1636 1966 1775 1998 sessilssvus,

932 2013 1001 2037 caps.
1022 2004 1192 2037 subglobosis.
1211 2005 1250 2029 Fi.
1262 2005 1331 2039 lapp.
1345 2013 1368 2029 n.
1384 2004 1442 2029 333.
1465 2004 1493 2028 C.
1512 2012 1548 2036 sp.
1566 2002 1676 2028 maribus
1689 2001 1776 2035 graci-

930 2038 1009 2069 libus,
1037 2038 1134 2063 feminis
1155 2039 1264 2072 turgidis
1287 2043 1313 2064 et
1332 2038 1432 2064 erectis.
1464 2038 1531 2063 Hali.
1548 2036 1682 2062 helv.24o.
1720 2035 1775 2069 Cy-

929 2072 1046 2106 peroides
1062 2072 1130 2097 foliis
1149 2073 1360 2106 caryophyllaeis.
1379 2072 1456 2106 spicis
1470 2081 1483 2097 e
1501 2071 1590 2097 rarior.
1609 2075 1637 2096 et
1654 2069 1775 2096 tumidio-

929 2107 999 2131 ribus
1015 2106 1108 2131 vesicis
1122 2107 1278 2142 compositis.
1303 2106 1379 2131 Mich.
1391 2115 1449 2139 gen.
1459 2105 1500 2132 61Δ
1516 2110 1536 2131 t.
1546 2105 1589 2131 32.
1604 2105 1622 2130 f.
1638 2105 1675 2130 ll.
1701 2103 1775 2129 Pluk.

928 2141 986 2166 alm.
1003 2139 1059 2167 178.
1075 2144 1095 2166 t.
1106 2140 1147 2167 91.
1161 2142 1180 2167 f.
1193 2141 1217 2168 7.
1251 2141 1361 2167 Habitat
1375 2140 1402 2166 in
1417 2140 1538 2175 Europae
1557 2138 1709 2199 uliginpssis}
1721 2141 1775 2206 iili]

963 2211 1094 2238 „Capsuiae
1118 2219 1185 2240 saepe
1205 2214 1361 2239 ustilagineae‚
1386 2214 1481 2238 tuncque
1505 2212 1608 2238 globosae
1622 2174 1654 2232 [et
1679 2211 1773 2238 majores

927 2246 1028 2267 evadunt
1038 2248 1050 2255 ”
1078 2247 1118 2268 Fl.
1134 2247 1159 2270 S.
1171 2248 1187 2269 I.
1198 2248 1230 2269 11.
1252 2248 1263 2270 (
1272 2248 1343 2269 Simil.
1375 2247 1503 2273 1·'t.'1app.)

963 2281 1003 2301 Η.
1025 2281 1105 2307 lapp.
1125 2288 1181 2309 syn.
1207 2281 1244 2303 Gr.
1259 2288 1346 2308 cypen,
1363 2281 1401 2304 soi.
1419 2279 1606 2307 caryophyliaeis,
1621 2281 1684 2306 spica
1700 2279 1773 2306 granio

925 2315 1041 2335 rarioribus
1060 2317 1083 2335 et
1105 2317 1255 2337 tumidioribus
1276 2317 1375 2338 connata.
1408 2315 1478 2336 nuda.
1495 2315 1552 2341 elys.
1572 2315 1590 2336 Ι.
1609 2320 1631 2341 p.
1645 2315 1677 2336 57.
1695 2314 1708 2335 I'.
1724 2314 1773 2338 3¹..

925 2349 1060 2375 Cyperoldes
1084 2350 1121 2371 Iol.
1144 2350 1261 2378 caryuph„
1287 2351 1356 2378 spicis
1382 2355 1424 2371 rar.
1451 2350 1474 2370 et
1490 2351 1544 2372 tum.
1568 2349 1648 2370 vesicis
1669 2353 1768 2375 compos.

925 2383 1005 2404 Tourn.
1020 2384 1073 2405 lust.
1087 2384 1132 2406 530.
1195 2399 1197 2402 .

959 2417 1001 2439 ΡΙ.
1015 2417 1040 2438 S.
1057 2424 1116 2445 syn.
1139 2418 1212 2441 Rudb.
1227 2419 1242 2441 l.
1252 2424 1272 2442 e.
1281 2434 1286 2443 ‚
1305 2419 1383 2441 Moris.
1397 2418 1446 2445 Raj.
1460 2417 1568 2440 schemen.
1593 2418 1618 2439 ll.
1635 2417 1664 2438 ad
1675 2423 1696 2439 n.
1710 2416 1768 2437 7091.

922 2457 957 2473 cc.
979 2452 1017 2475 (et
1029 2451 1086 2473 Hali.
1101 2453 1116 2475 Ι.
1133 2452 1187 2475 ibid.
1202 2459 1235 2477 c..
1254 2454 1277 2474 in
1289 2453 1322 2475 ed.
1333 2454 1384 2477 Ι.),·
1397 2463 1432 2468 -
1455 2458 1518 2474 aar.
1535 2448 1560 2482 β.
1577 2451 1644 2472 mich.
1662 2451 1724 2472 Pluk.
1745 2451 1767 2472 ll.

921 2491 955 2507 cc.
975 2496 1004 2501 —
1031 2486 1089 2508 AM.
1111 2487 1165 2508 obs.
1189 2488 1212 2508 ιἰι
1227 2487 1268 2510 ed.
1281 2488 1314 2509 Ι..·
1335 2487 1408 2512 „Non
1429 2487 1494 2508 video
1512 2487 1571 2513 apud
1585 2489 1672 2506 autores
1691 2486 1770 2508 notam,

921 2525 963 2546 qua
979 2515 1006 2550 β.
1023 2526 1036 2540 a
1053 2522 1196 2547 praecedente
1213 2522 1286 2548 planta
1303 2522 1339 2548 [i.
1360 2527 1378 2544 e.
1402 2520 1444 2548 m]
1462 2521 1600 2547 distinguam.
1607 2523 1618 2530 ''

956 2570 1014 2592 7088-
1054 2560 1087 2590 c·
1110 2561 1274 2595 f⁰lli⁰111³ta
1292 2569 1381 2603 Sp.1..·
1400 2568 1429 2593 C.
1444 2568 1521 2602 spicis
1536 2566 1708 2594 terminalibus
1724 2573 1769 2598 pe-

922 2601 1084 2628 dunculatis:
1100 2603 1210 2629 mascula
1232 2603 1339 2629 feminea
1359 2611 1405 2634 ue,
1425 2610 1493 2636 caps.
1515 2601 1639 2628 subuiatis
1657 2599 1769 2632 longitu-

922 2635 981 2661 dine
1006 2635 1101 2670 spicae.
1131 2638 1202 2668 Sp.I.
1222 2638 1248 2663 S.
1263 2638 1293 2664 X.
1305 2647 1331 2663 n.
1360 2638 1398 2669 5.,
1413 2638 1458 2669 Sp.
1473 2637 1505 2662 II.
1522 2638 1546 2661 S.
1561 2636 1617 2660 XII.
1637 2633 1711 2659 n.31.
1737 2646 1766 2651 —-

923 2670 968 2695 Gr.
982 2671 1132 2703 cyperoides
1147 2672 1309 2704 marianum,
1336 2671 1473 2697 tamar-isca·
1495 2671 1629 2704 belgarum
1651 2667 1768 2700 pericar-

919 2705 972 2737 piis
986 2705 1022 2729 ad
1041 2705 1208 2731 Intervallum
1225 2707 1321 2732 calami
1343 2705 1505 2740 glomeratis.
1539 2703 1610 2728 Ptuk.
1626 2704 1706 2726 mant.
1724 2698 1766 2726 96.

920 2741 938 2764 t.
957 2737 1014 2764 419.
1033 2741 1058 2771 s.
1073 2740 1095 2765 l.
1119 2740 1182 2774 (Sp.
1195 2740 1250 2773 11.)
1269 2755 1299 2759 —
1319 2740 1428 2765 Habitat
1447 2738 1472 2763 in
1491 2737 1604 2763 Cnnada.
1628 2734 1710 2760 Kalm.
1735 2748 1763 2753 —

919 2775 1007 2797 Culmus
1029 2777 1145 2804 triqueter,
1171 2778 1292 2805 bipedalis,
1321 2778 1413 2799 vestitus
1440 2775 1477 2796 sol.
1501 2773 1667 2800 angustioribus.
1699 2771 1765 2798 Spica
