1967 2930
718 89 950 118 Pnffirfflos-Es
974 85 1185 115 lemuamn.
1797 90 1818 118 9

114 173 345 207 PRAEFATIO
369 172 575 203 GENERUM
596 171 853 202 PLANTARUM
868 170 904 211 ¹).

208 287 269 308 Haec
284 293 327 307 non
344 288 390 307 sola
401 287 450 307 mihi
468 287 568 313 patefecit
580 286 653 312 opinio
669 286 736 305 sumne

205 322 320 346 Vulgaris,
340 323 436 347 quat-sita
455 322 513 341 libris
526 327 564 340 nuc
583 321 646 339 lectio
663 321 756 346 priscis,

203 356 249 375 stul
265 356 334 375 Labor
355 359 376 375 et
391 356 488 375 Studium
500 371 504 377 ,
525 355 602 380 quihus
617 356 660 374 otia
674 355 736 379 longai
750 354 831 373 dierum

207 390 333 416 postposui,
351 392 459 416 erpi-rium
478 388 536 409 rebus
553 389 642 409 ‹inrum-c
658 388 782 414 probatum.

365 421 431 453 [Gru.
453 425 470 443 l.
492 424 533 447 ΙΙ.,
551 425 577 446 ΡΙ,
597 423 667 444 mnis-s.
685 424 732 445 ull„
754 422 780 443 G.
805 423 827 442 Γ,
848 419 899 451 rt]

356 515 454 545 Rmo
484 515 594 545 Oratus
613 514 653 555 2).

124 584 148 609 1.
166 582 273 612 Onx'u,
291 590 356 614 quae
373 590 388 606 a
405 582 477 606 nobis
496 590 555 606 vere
568 580 681 613 dignosci
699 583 818 614 possunt,
836 579 931 612 depen—

88 616 149 642 dent
167 625 181 641 a
198 616 266 641 clara
279 616 411 646 Methodo,
430 625 480 649 qua
498 616 589 647 distin(
582 616 668 640 nimus
681 616 768 639 similia
781 623 794 638 a
807 615 844 638 dis
847 614 874 637 sii
877 613 932 637 nili-

88 652 142 675 bus.
179 650 252 675 Haec
271 650 408 675 Methodus
432 659 482 683 quo
502 650 580 682 ιιιιιιτῑ3·
599 650 724 674 naturales
742 648 931 681 compieheznlit.

87 685 277 714 distinctiones,
297 693 326 709 eo
351 685 442 709 clarior
461 693 542 709 rerum
543 672 630 708 ⁴anobis
650 683 761 708 nascitur
779 683 844 707 idea.
875 682 932 711 Quo

90 719 157 744 circa
169 718 241 752 plura
254 723 371 743 versatur
382 725 468 743 noster
480 723 615 758 conceptus
628 718 744 750 objecta,
763 726 792 742 eo
806 716 932 741 difficilius

89 753 236 778 elaboratur
247 753 394 783 methodus,
414 758 438 777 at
452 753 529 785 magis
547 753 689 777 necessaria
707 752 800 776 evadit.
838 750 933 775 Nullibi

89 791 128 812 tot
139 788 241 820 objecta
254 788 365 812 humanis
378 788 491 812 sensibus
511 787 605 818 objecit
617 788 731 811 Summus
746 786 884 815 Conditor,
904 793 934 809 ac

88 821 115 846 in
128 822 217 854 Regno
232 822 382 854 vegetabili,
401 822 468 855 quod
482 826 560 846 totum
573 821 654 849 istum,
674 830 747 854 quem
760 805 933 849 inhabitamus,

87 856 190 889 globum
209 855 288 888 tegit,
309 856 397 889 replet.
434 856 505 888 Ergo
524 855 544 881 si
559 855 627 879 ullibi
645 863 706 889 pura
724 854 854 880 methodus
874 864 887 878 e
906 862 934 878 re

87 894 136 920 est,
154 899 215 915 sane
227 890 282 920 hic;
302 890 322 914 si
338 890 518 922 Vegetabilium
538 890 629 914 claram
647 890 727 914 ideam
739 889 854 913 obtinere
874 897 933 922 spe—

87 925 210 949 rabimus:
233 924 289 949 hinc
309 924 491 958 Caesalpin
501 933 548 948 us:
584 924 672 954 ,NIsi
667 933 690 948 m
704 924 803 948 ordines
817 923 886 954 ledifl
889 932 934 947 ιιι-

88 963 146 989 tur,
164 963 190 983 et
203 959 272 983 velut
283 963 421 983 castrorum
439 959 507 983 acies
525 944 725 983 disti-⁷·ibuantui'
719 967 743 983 ιιι
758 966 818 983 suas
830 957 933 988 classes,

89 993 169 1018 omnia
182 992 301 1017 fluctuati
313 1002 417 1018 necesse
430 998 475 1020 est
484 995 501 1006 “

123 1028 148 1053 2.
167 1028 237 1052 Nota
249 1028 335 1060 itaque
348 1028 370 1052 ei
382 1032 439 1052 sunt
449 1027 618 1059 Vegetabilia,
632 1027 674 1060 qui
684 1027 722 1060 (5.
732 1028 759 1058 1)
769 1026 857 1051 similia
865 1025 933 1050 simi-

87 1062 154 1087 libus
166 1062 330 1094 conjungere,
344 1066 370 1086 et
382 1062 510 1086 dissimilia
522 1071 536 1086 a
550 1062 706 1086 dissimilibus·
720 1069 839 1093 separare
852 1060 933 1084 novit.

124 1097 149 1122 3.
170 1096 324 1121 Bommccs
343 1100 382 1121 est
398 1096 451 1127 ille,
472 1096 512 1129 qui
528 1096 688 1128 Vegetubilia
703 1095 790 1120 similia
804 1094 933 1123 similibus,

90 1134 118 1156 et
129 1131 247 1156 distincta
259 1130 383 1155 distinctis
397 1130 553 1162 Nominibus,
573 1130 711 1163 cuicunque
725 1129 933 1162 intelligibilibus,

90 1166 172 1190 noscit
184 1166 214 1198 (5
237 1165 266 1197 2)
280 1165 415 1190 nominare.

123 1200 149 1225 4.
177 1200 290 1224 Nonum
311 1200 348 1231 (5.
362 1200 392 1231 3)
414 1199 561 1224 Plantarum
580 1201 639 1223 sunt
664 1199 808 1223 annmci
827 1201 853 1222 et
872 1196 935 1229 (nbi

91 1233 177 1268 plures
189 1233 302 1267 species)
317 1235 371 1257 5Ριι
374 1242 470 1258 eiFici.
500 1233 572 1257 Haec
585 1233 677 1257 debent
690 1242 728 1257 ess
731 1242 744 1257 e
757 1236 826 1257 certa
839 1236 865 1256 et
879 1233 936 1256 fun-

90 1268 164 1299 data,
182 1276 229 1292 nec
240 1276 317 1299 vaga,
335 1267 431 1292 lubrica
444 1267 484 1291 vel
496 1267 566 1291 varie
579 1267 750 1306 applicabilia;
768 1267 851 1299 qualia
864 1271 936 1290 ante-

90 1310 165 1335 quam
182 1310 238 1326 esse
255 1306 374 1334 possunt,
393 1310 496 1326 necesse
515 1306 554 1326 est
566 1307 593 1326 ut
605 1301 654 1325 sint
666 1301 780 1334 imposita
801 1300 875 1325 certis
891 1309 937 1324 nec

90 1336 163 1369 vatris
181 1336 316 1368 generibus·
336 1336 375 1367 (5
391 1337 414 1361 2.
429 1337 452 1366 5.
467 1337 511 1367 6):
533 1335 570 1359 his
589 1335 653 1359 enim
671 1344 685 1358 ι·
688 1335 844 1359 minantibus
860 1334 936 1358 vacil-

91 1370 146 1396 lant
158 1375 182 1395 et
192 1370 309 1399 Νυιιιίιιιι,
322 1378 351 1394 ac
364 1378 408 1402 per
421 1378 577 1402 consequens
585 1369 706 1393 Doctrina
716 1369 830 1393 Botanici
845 1369 882 1400 (5.
897 1369 934 1399 5),

125 1405 150 1430 5.
170 1405 285 1429 Srsscffls
297 1409 335 1428 tot
347 1408 418 1434 sunt,
434 1408 494 1436 quot
506 1404 620 1428 diversas
635 1412 648 1427 e
657 1408 668 1427 t
682 1406 875 1428 constantes
889 1404 935 1435 (G.

95 1440 151 1471 VI.)
176 1440 268 1464 formas
287 1438 315 1462 in
335 1438 393 1462 hoc
412 1438 511 1470 globo
533 1438 580 1470 (G.
603 1438 660 1469 ΓΙ.)
679 1437 711 1462 ab
731 1437 802 1462 initio
821 1437 939 1470 produxit

89 1473 218 1499 Infinitum
232 1473 299 1502 Ens3
319 1480 383 1505 quae
396 1472 486 1496 deinde
499 1473 594 1497 formae
613 1472 747 1496 secundum
766 1471 937 1504 generationis

91 1508 186 1533 inditas
205 1507 274 1539 leges
296 1506 438 1539 produxere
458 1506 558 1539 plures,
582 1506 630 1531 sibi
649 1506 756 1537 similes,
781 1514 854 1538 quam
874 1514 938 1538 quae

91 1542 163 1567 fuere
183 1542 214 1566 ab
233 1540 303 1566 initio
315 1541 352 1572 2).
389 1540 461 1572 Ergo
474 1541 580 1574 Species
600 1544 637 1565 tot
656 1544 728 1571 sunt,
747 1544 809 1573 quot
821 1540 938 1564 diversae

92 1578 190 1603 formae
201 1584 246 1600 seu
257 1580 400 1600 structurae
412 1575 556 1599 Plantarum
565 1595 571 1605 ,
590 1575 693 1607 rejectis
705 1574 759 1599 istis
768 1594 775 1605 ,
794 1582 857 1607 quas
869 1574 938 1598 locus

93 1609 134 1636 vel
154 1618 226 1636 casus
246 1618 333 1643 parum
352 1609 499 1634 differentes
513 1609 688 1642 (varietates)
707 1609 832 1640 exhibuit,
851 1608 938 1633 hodie-

93 1654 152 1671 num
165 1647 309 1670 occurrunt.

126 1681 150 1706 6.
170 1680 286 1704 Gssnssm
298 1682 382 1703 autem
394 1680 432 1703 tot
443 1681 511 1709 sunt,
525 1681 587 1711 quot
595 1677 715 1703 attributa
727 1677 865 1702 communia
879 1686 938 1711 pro-

92 1714 160 1741 xima
171 1713 343 1738 distinctarum
355 1712 494 1746 specierum
507 1713 546 1745 (5.
560 1713 604 1745 5),
623 1712 759 1737 secundum
772 1721 836 1745 quae
848 1712 873 1736 in
887 1712 940 1745 pri-

91 1748 186 1775 mordio
207 1751 293 1772 creata
312 1748 397 1772 fuere:
423 1747 572 1772 confirmant
590 1747 653 1772 haec
670 1747 800 1778 revelata,
827 1747 939 1778 inventa,

96 1784 241 1809 observata.
279 1781 347 1806 Hinc

128 1816 219 1843 Omnia
236 1816 340 1841 Genera
361 1820 387 1841 et
406 1816 506 1849 Species
528 1816 571 1849 (a.
593 1816 625 1841 G.
648 1816 706 1848 Vl.)
725 1814 850 1840 naturalia
872 1817 938 1840 sunt.

93 1852 155 1878 Non
172 1852 237 1876 enim
254 1850 314 1875 licet
332 1851 485 1883 conjungere
504 1851 551 1875 sub
571 1851 658 1876 eodem
679 1858 772 1882 genere
792 1849 893 1882 Equum
914 1853 940 1874 et

94 1887 181 1918 Suem,
198 1885 257 1910 licet
268 1885 358 1910 ambae
368 1885 534 1917 monuuoulae
547 1885 613 1916 sint3
635 1893 682 1909 nec
695 1884 853 1917 Capreolum,
869 1884 939 1908 Ran-

92 1921 200 1954 giferum
217 1924 244 1945 et
256 1919 334 1944 Alcen
353 1928 447 1952 genere
459 1919 629 1951 distinguere,
648 1919 707 1944 licet
724 1927 842 1943 cornuum
856 1919 939 1950 figura

92 1955 222 1980 differant.
254 1954 384 1979 Generum
395 1954 483 1987 itaque
497 1953 588 1978 limites
602 1957 700 1978 attenta
712 1957 739 1978 et
750 1953 837 1977 sedula
850 1953 938 1977 obser-

93 1989 196 2016 vatione
207 1988 333 2021 inquirere
345 1988 478 2020 debemus,
495 1996 551 2013 cum
563 1997 578 2013 a
591 1988 668 2021 priori
680 1987 808 2012 difficilius
821 1986 940 2012 determi-

92 2028 192 2055 nentur,
211 2023 270 2048 licet
282 2023 329 2047 hoc
341 2031 413 2056 opus,
428 2023 468 2047 hic
481 2027 550 2047 esset
563 2022 641 2054 labor,
661 2030 718 2047 nam
736 2041 754 2053 ,‚
764 2021 883 2047 Confusis
894 2029 940 2054 ge-

95 2058 198 2084 neribus
210 2057 292 2082 omnia
305 2057 422 2082 confundi
434 2065 537 2082 necesse
549 2061 597 2082 est.
605 2059 622 2070 ·‘
646 2056 766 2090 Caesalp.

127 2093 153 2119 7.
177 2093 200 2117 A
219 2091 469 2116 Faucrrrrcsmoms
494 2091 592 2124 plantas
617 2091 770 2124 distinguere
793 2090 818 2115 in
845 2099 940 2123 genera

93 2127 133 2160 (§·
145 2127 174 2160 6)
188 2126 307 2151 Infinitae
315 2125 462 2160 Sapientiae
476 2125 601 2159 placuisse
613 2125 708 2150 detexit
721 2124 848 2159 posterior
860 2129 940 2157 aetas,

162 2236 180 2260 1)
198 2234 276 2256 0111..-

92 2269 201 2292 ed.1.—
211 2270 248 2290 Vl.

161 2305 182 2330 ⁴2)
209 2303 320 2325 Curiosum
342 2302 396 2322 sacis
419 2300 480 2322 nobis
506 2300 620 2322 videbatur
644 2301 798 2322 Dedicatiames
829 2301 942 2322 uariarum

95 2339 221 2361 Mitior-nm
236 2337 391 2364 reproducere,
409 2341 464 2363 ([ιιαε
480 2338 585 2362 sequentes
603 2337 658 2356 nme.

132 2373 196 2394 Gen.
217 2373 250 2393 1..·
274 2372 327 2392 Viro
349 2371 458 2391 illustriss.
477 2375 602 2396 summoque
619 2370 703 2390 medico
723 2369 848 2390 Hermanno
874 2369 940 2389 Boer-

95 2407 172 2428 unave.
207 2406 293 2427 Nullum
313 2405 410 2432 profecto
428 2405 491 2424 decet
511 2410 615 2430 quaerere
633 2404 692 2424 aliud
707 2405 865 2430 patrocinium,
883 2404 941 2430 quod

95 2441 163 2462 hosce
184 2442 239 2461 tueri
257 2442 335 2467 posset
353 2440 430 2463 flores,
448 2445 512 2465 quam
532 2441 604 2463 tuum,
629 2438 668 2458 Vir
684 2439 789 2463 illustris,
808 2438 940 2465 praeclarum

96 2475 191 2496 Romen.
225 2475 256 2495 Tu
273 2475 330 2495 enim
345 2474 425 2500 primus
445 2475 467 2493 et
486 2473 563 2493 unicus
581 2473 656 2497 suisti,
680 2473 716 2498 qui
739 2474 761 2493 in
781 2473 940 2493 constituendis

96 2509 217 2536 plantarum
231 2509 346 2535 generibus
365 2509 438 2534 partes
451 2513 527 2527 omnes
545 2507 732 2532 fructificationis,
749 2507 838 2534 rejectis
852 2507 940 2527 ludicris

97 2543 203 2568 iconibus,
220 2543 344 2563 adhibuisti.
377 2542 485 2564 Quantum
498 2542 632 2568 promoveris
647 2547 692 2562 rem
711 2542 838 2566 betonicam,
856 2541 941 2561 abunde

96 2579 189 2598 testam·
201 2577 284 2598 Hortus
300 2576 405 2602 Lugduni)
415 2575 539 2601 -Batavus,
556 2581 595 2602 per
611 2576 641 2596 Te
661 2581 749 2596 numero
764 2576 884 2602 plantarum
903 2575 941 2595 du-

96 2612 134 2639 pio
151 2612 240 2632 auctior.
275 2611 319 2631 'rua
338 2611 372 2630 vel
391 2611 412 2631 in
428 2610 512 2636 frigidis
527 2611 592 2630 terris
610 2611 735 2630 resonantia
749 2611 825 2630 merita
843 2610 941 2630 stimulos

96 2645 201 2667 addidere
216 2645 280 2669 mihi,
298 2647 322 2665 ut
340 2644 378 2665 Tui
393 2645 421 2664 ad
437 2645 560 2670 exemplum
575 2645 629 2664 solis
643 2645 830 2665 observationibus
845 2645 941 2664 innitens

289 2233 410 2260 Ρεηιαιιείε
426 2233 521 2257 mutatis,
536 2238 591 2260 qnae
601 2233 729 2257 notavimus,
745 2231 818 2253 eadem
830 2232 853 2253 in
866 2232 942 2253 Gener.

56 2700 64 2707 ,
97 2681 166 2702 hosce
179 2685 218 2706 per
231 2679 357 2699 decennium
369 2678 426 2699 haud
439 2678 589 2704 defi-itigandus
605 2680 774 2699 enntinnaverim
787 2679 882 2699 labores.
908 2678 941 2698 in-

98 2715 171 2736 finitas
183 2714 228 2734 Tibi
239 2714 284 2740 jam
298 2713 377 2733 dudum
391 2713 541 2739 persolverunt
555 2715 628 2738 grates
644 2714 678 2733 vel
691 2714 768 2733 summi
784 2714 805 2733 in
821 2714 874 2733 Arte
889 2713 942 2736 Viri,

99 2749 159 2776 quod
174 2748 248 2769 divina
260 2747 305 2768 Tua
316 2752 364 2767 cum
377 2747 427 2767 orbe
441 2747 544 2767 litterario
560 2748 716 2767 communicare
730 2748 824 2767 volneris
840 2747 943 2772 singulari

100 2783 222 2804 eruditione
243 2784 266 2803 et
292 2781 399 2802 concinna
419 2780 513 2802 dictione
538 2781 647 2802 elaborata
670 2781 764 2808 Scripta.
799 2781 878 2802 Nonne
898 2781 944 2801 Tibi

100 2823 188 2844 quoque
203 2817 296 2838 debetur
313 2821 395 2837 summa
415 2815 475 2839 isus,
499 2815 558 2841 quod
576 2816 664 2841 egregio
680 2816 898 2842 praeclarissimorum
914 2815 945 2835 vi·

971 172 997 193 et
1009 167 1107 200 quidem
1120 168 1222 201 primm,
1242 170 1334 194 saeculi
1347 170 1384 194 sui
1398 170 1586 200 Ornamentum,
1601 169 1731 195 Com-udus
1745 170 1812 194 Ges-

971 211 1062 231 nerus,
1084 202 1117 226 uti
1137 207 1208 235 patet
1227 211 1257 227 οἵ
1277 204 1397 237 Epistolis
1417 205 1471 243 ejus
1491 205 1644 237 posthumis,
1672 213 1701 228 ex
1720 204 1811 229 tabulis

971 245 1017 270 per
1030 237 1051 260 C
1053 245 1120 260 imcr
1123 237 1200 260 arium
1219 237 1301 262 editis.
1338 240 1371 262 At
1391 239 1499 271 primns
1517 239 1558 271 qui
1578 247 1695 263 summum
1712 238 1777 262 hoc·
1771 247 1810 262 ιιι-

970 275 1070 295 ventum
1084 279 1138 294 cnm
1158 271 1257 302 publico
1276 274 1468 297 communicavit
1482 274 1525 304 (θ.
1540 274 1570 299 (ι’
1587 273 1662 305 11)
1657 281 1730 305 inque
1742 281 1811 297 usum

970 304 1082 334 deduxit,
1097 305 1208 328 Anda-as
1221 306 1386 337 Caes-ilpiuus
1401 307 1454 331 init.
1475 310 1506 331 At
1519 307 1671 340 exspirasset
1684 316 1748 337 mox,
1764 307 1810 331 uisi

970 338 1078 363 Robeiti
1093 339 1169 362 Molis
1166 339 1213 362 oni
1233 347 1277 362 cur
1279 348 1293 362 ιι
1313 348 1380 364 resns
1385 341 1485 365 ritatum
1504 341 1608 371 luisset,
1627 346 1653 365 et
1671 350 1685 365 ιι
1697 341 1809 373 Josepho

970 372 1074 397 Pittono
1088 372 1268 397 ''·louinel'·oitio
1286 373 1317 397 ad
1332 374 1440 404 Remulus
1454 377 1486 407 5)
1494 376 1636 400 steiunticas
1654 383 1729 414 puras=
1747 383 1809 399 enu-

971 407 1065 432 tritum.
1097 407 1284 432 Coniirmarunt
1302 408 1349 432 hoc
1361 408 1478 442 dei11c‹ps
1491 414 1613 443 quotquot
1632 411 1702 434 tuere
1718 409 1741 433 in
1754 413 1810 434 arte

969 440 1077 466 Hei-,005

1004 476 1028 501 8.
1056 476 1121 500 Dato
1141 476 1218 502 hocce
1236 476 1396 502 fundamento
1417 479 1446 511 (5
1469 479 1512 509 7),
1538 479 1615 503 Ιιοιςο
1635 482 1727 512 pumto
1748 479 1809 509 fixo,

969 519 1026 535 mox
1044 510 1067 534 in
1088 518 1157 535 usum
1177 516 1291 542 vertere,
1312 521 1366 537 mox
1386 515 1505 545 Spu-ma
1524 517 1592 537 stru«
1596 523 1621 537 re
1641 515 1734 538 ιιΙι·ΙιΙιυι
1736 519 1811 538 munt.

969 553 1054 569 omnes
1073 544 1141 569 hisce
1160 546 1287 570 laboribus
1306 546 1478 579 apti301nn÷·s
1499 547 1595 579 quidem
1614 549 1700 572 eodem
1719 549 1810 578 animo,

967 583 993 603 et
1011 579 1035 603 in
1061 579 1163 604 eundem
1183 580 1272 608 linem·
1292 585 1319 604 at
1338 589 1385 604 non
1403 590 1487 605 onnus
1504 581 1589 606 eodem
1608 591 1660 606 cum
1682 590 1808 606 successu.

968 613 1057 637 Paucis
1070 613 1163 646 quippe
1177 620 1250 638 notus
1265 599 1310 638 i'uit
1325 615 1411 639 Canon
1427 616 1493 639 tundz
1495 625 1541 639 un«
1546 616 1626 641 ntnlis
1644 625 1715 648 quem
1729 617 1748 640 si
1761 625 1809 640 non

968 648 1107 671 obserxant
1118 648 1218 673 aediles
1234 649 1299 672 illico
1313 649 1361 673 ruit
1374 649 1451 680 prima
1464 651 1519 673 obn
1521 654 1656 681 *tntempcs
1647 656 1710 674 tate
1726 651 1809 682 splen-

969 681 1053 706 ι]ἱιΙί33’
1037 682 1245 714 ιιιιιιιιιιμιιιιιιιὶ3·
1258 683 1411 707 aedificium:
1433 684 1513 708 Boe-rh
1536 684 1596 707 inst
1612 685 1653 708 ΙΙ.
1673 685 1811 709 Duc-enti

967 716 1153 749 procedendum
1173 726 1189 741 α
1208 718 1374 749 generalibus
1392 718 1426 741 m!
1443 720 1493 742 sin
1484 719 1591 750 rularia
1608 727 1733 750 qumque,
1751 719 1812 742 (lum

968 751 1073 775 inuenta
1086 751 1215 782 explicam
1235 756 1263 775 ut
1276 752 1330 776 11111
1340 753 1464 782 emtori,
1483 756 1583 781 contra,
1603 761 1618 776 a
1634 753 1811 782 sino-alaribus

970 785 1004 810 arl
1022 786 1159 818 generalia
1176 786 1358 817 eunslumfnit.
1395 788 1589 825 Assumpserunt
1608 787 1670 810 enim
1686 787 1753 810 Nurii
1772 786 1810 810 ‹li-

970 827 1055 843 versas
1068 824 1151 852 partes
1168 819 1381 844 bructiticationis
1394 829 1439 853 pro
1453 821 1575 854 principio
1589 821 1767 853 Systematico‚
1787 826 1812 845 et

970 862 1024 878 cum
1037 862 1067 877 eo
1080 853 1213 878 secundum
1234 854 1362 879 (Ιίιί3ἰοιιὶ5
1375 855 1443 887 leges
1463 864 1477 879 a
1497 855 1555 879 Clas
1558 855 1625 879 sibus
1645 864 1690 887 por
1703 855 1812 880 Ordines·

968 887 1155 912 descenderunt
1166 888 1196 912 ad
1209 888 1313 921 Species
1325 897 1421 922 usque,
1441 894 1466 914 et
1480 889 1649 922 hypotheticis
1661 898 1690 913 ac
1702 890 1810 914 arbitra-

968 922 1012 946 riis
1029 922 1065 946 his
1085 922 1215 955 principiis
1234 923 1363 955 iregerunt
1380 928 1405 947 et
1423 924 1591 948 dilacerarunt
1610 923 1748 955 naturalia,
1768 932 1812 948 ucc

969 957 1113 981 arbitraria
1134 958 1177 988 (θ,
1193 957 1223 981 G.
1242 957 1270 981 V.
1288 958 1344 989 1⁷1.)
1364 959 1394 989 (5
1417 958 1446 990 (i)
1466 966 1573 990 genera3
1592 962 1744 990 naturaeque
1763 958 1811 982 vim

968 990 1120 1015 intulerunt:
1148 1000 1170 1016 e.
1189 1000 1226 1023 gr.
1248 991 1310 1016 alius
1335 1000 1349 1016 a
1374 993 1466 1016 Fructu
1487 997 1562 1023 negat
1582 1001 1675 1023 genere
1694 992 1811 1024 conjungi

969 1033 1042 1058 posse
1058 1025 1182 1049 Persicam
1201 1031 1226 1049 et
1239 1026 1420 1058 Amygdalulm
1440 1027 1502 1050 alius
1523 1035 1536 1051 a
1556 1026 1720 1058 regularitate
1733 1027 1811 1050 Peta-

969 1060 1046 1084 lorum
1073 1064 1149 1091 negat
1171 1060 1380 1085 valerianam
1408 1064 1439 1085 et
1468 1060 1737 1086 Valerianoidem
1758 1060 1811 1085 Kn.

971 1094 1299 1126 (G.1.11.;Capra1ia=n
1314 1094 1404 1119 Boerh
1421 1095 1576 1119 etF'exillaei
1591 1095 1619 1119 G
1634 1096 1653 1119 I.
1667 1096 1731 1127 ll.):
1751 1095 1813 1119 alius

969 1136 984 1152 a
999 1128 1078 1152 ¹Num«
1081 1136 1108 1152 ro
1128 1113 1205 1160 ’negat
1219 1128 1307 1153 Linum
1322 1134 1347 1153 et
1361 1129 1390 1153 Ra
1392 1129 1491 1153 idiolum
1505 1129 1577 1154 Dm.-
1571 1147 1577 1159 ,
1598 1130 1665 1154 alius
1682 1138 1698 1153 a
1713 1130 1813 1154 Loinlis

970 1164 999 1187 A
992 1163 1164 1195 Γι·ι”1”υ1ίιι1η’“.1
1179 1166 1201 1187 et
1212 1163 1375 1188 Dodonaeum
1385 1164 1423 1188 Pl
1437 1165 1480 1195 (θ.
1492 1165 1520 1187 G.
1533 1164 1583 1188 t‘l..
1598 1165 1642 1187 ubi
1654 1164 1707 1196 ipsc
1716 1164 1745 1188 [ι.
1759 1164 1812 1188 ‹Iis-

963 1197 1082 1236 junium
1101 1197 1162 1221 alius
1182 1206 1197 1221 a
1211 1197 1281 1221 Sexu
1298 1206 1345 1229 ne(
1348 1202 1374 1222 nt
1388 1198 1501 1222 Urtieam
1519 1198 1604 1222 andro
1598 1207 1690 1230 gynam
1707 1202 1733 1222 et
1751 1206 1814 1222 sexu

971 1231 1113 1255 ‹iistimtam
1127 1237 1176 1255 etc
1197 1232 1300 1256 Genere
1320 1232 1383 1256 inter
1403 1241 1430 1256 se
1443 1232 1577 1257 combinari
1597 1241 1685 1265 posse,
1705 1241 1736 1265 qn
1733 1232 1771 1256 od
1783 1232 1814 1262 si,

970 1265 1069 1295 dicunt,
1090 1274 1137 1289 non
1151 1265 1230 1290 classe
1243 1267 1350 1298 conjuzffi
1344 1267 1360 1290 i
1377 1270 1497 1298 possunt,
1520 1266 1596 1290 multo
1613 1267 1691 1291 minus
1704 1275 1814 1299 genere,

971 1299 1015 1324 sed
1035 1308 1083 1324 non
1104 1300 1240 1324 observant
1260 1309 1287 1325 se
1313 1300 1482 1325 construxisse
1500 1300 1600 1325 Classes
1620 1301 1813 1333 qualescunque,

971 1334 1052 1366 ipsum
1074 1343 1134 1358 vero
1158 1334 1306 1359 Creatorem
1326 1335 1437 1359 Genera.
1474 1335 1539 1359 Hinc
1563 1339 1601 1359 tot
1621 1335 1684 1359 salsa
1705 1336 1814 1367 genera!

971 1372 1009 1392 tot
1028 1368 1216 1392 controversiae
1233 1368 1299 1393 inter
1310 1369 1452 1393 Authores!
1472 1373 1511 1393 tot
1530 1369 1594 1393 mala
1612 1369 1724 1393 nomina!
1744 1372 1814 1394 tanta

972 1403 1102 1427 confusio!
1127 1402 1178 1427 Imo
1192 1411 1222 1427 eo
1235 1403 1336 1427 tandem
1348 1403 1450 1427 redacta
1466 1408 1504 1427 est
1516 1412 1556 1428 res
1565 1423 1572 1434 ,
1593 1408 1628 1434 ut,
1647 1404 1746 1436 quoties
1758 1412 1814 1427 sur-

971 1440 1016 1468 gat
1029 1445 1108 1460 novus
1121 1437 1320 1468 systematicus,
1340 1437 1416 1462 toties
1433 1437 1536 1462 horreat
1549 1438 1614 1462 orbis
1628 1437 1813 1462 Botanicucum.

972 1471 1009 1495 Et
1021 1471 1104 1495 nescio
1118 1479 1179 1495 sane
1192 1471 1258 1504 ipse,
1278 1480 1334 1496 num
1352 1471 1406 1505 plus
1425 1471 1506 1496 damni
1521 1471 1561 1496 vel
1574 1472 1731 1496 emolumenti
1747 1476 1815 1496 attu-

973 1505 1047 1529 lerint
1060 1505 1235 1537 Systematiei3
1255 1510 1325 1530 certe
1343 1507 1363 1530 si
1375 1505 1470 1530 indocti
1484 1507 1645 1530 conferantur
1658 1515 1711 1530 cum
1725 1506 1815 1537 doctis,

974 1539 1049 1571 longe
1069 1540 1151 1572 plures
1171 1540 1250 1564 fuere.
1286 1539 1380 1564 Dolent
1393 1541 1455 1565 haec
1471 1541 1524 1565 fata
1537 1540 1644 1571 Medici,
1662 1541 1816 1565 Pharmacu-

973 1574 1045 1606 poei,
1064 1574 1214 1605 Hortulani‚
1233 1582 1280 1599 nec
1292 1574 1346 1599 sine
1359 1574 1464 1599 ratione.
1501 1575 1596 1599 Fateor
1607 1574 1719 1599 'I‘heoria
1732 1583 1817 1599 eorum

973 1608 1040 1640 quod
1062 1608 1155 1640 optima
1175 1614 1258 1640 esset,
1285 1609 1306 1633 si
1325 1608 1397 1633 modo
1415 1609 1515 1633 Summo
1539 1609 1662 1633 conditori
1682 1609 1817 1642 placuisset

974 1651 1059 1667 omnes
1073 1642 1293 1667 Fructificationes
1311 1643 1420 1675 ejusdem
1440 1643 1540 1674 generis
1559 1651 1639 1676 aeque
1650 1643 1741 1668 similes
1754 1643 1817 1668 inter

974 1685 1002 1701 se
1024 1677 1172 1710 produxIsse
1192 1685 1223 1701 ac
1248 1677 1376 1702 individua
1396 1677 1506 1709 ejusdem
1527 1677 1627 1711 speciei.
1664 1677 1740 1708 Quod
1761 1686 1816 1702 cum

974 1712 1068 1736 sactum
1086 1720 1136 1735 non
1153 1711 1200 1742 sit,
1219 1711 1278 1736 nihil
1291 1716 1407 1745 superest
1423 1711 1533 1744 aufugii,
1553 1712 1610 1745 quin
1623 1712 1691 1743 Nos,
1711 1712 1752 1745 qui
1771 1719 1816 1736 na-

973 1749 1047 1770 turae
1060 1746 1175 1778 Magistri
1193 1754 1249 1770 esse
1268 1754 1317 1770 non
1335 1754 1482 1779 possumus,
1501 1755 1547 1770 nec
1559 1747 1693 1771 secundum
1705 1752 1817 1771 nostrum

974 1786 1121 1813 coiiceptum
1134 1788 1219 1804 omnes
1232 1780 1332 1813 plantas
1350 1780 1438 1805 iterum
1453 1789 1552 1811 creare,
1571 1780 1748 1813 Nosmetipsos
1761 1781 1816 1805 Na—

973 1818 1045 1839 turae
1065 1814 1240 1847 subjiciamus,
1258 1814 1391 1848 Notasque
1408 1815 1499 1848 plantis
1517 1815 1651 1848 inscriptas
1663 1815 1750 1839 solerti
1761 1818 1817 1839 stu-

973 1849 1013 1873 dio
1027 1849 1112 1881 legere
1129 1848 1293 1873 addiscamus.
1324 1849 1354 1874 Si
1372 1848 1468 1881 sin-rula
1487 1849 1608 1873 differens
1628 1854 1688 1873 nota
1709 1849 1817 1874 fructifi-

974 1870 1081 1908 catioiiis·
1101 1883 1229 1908 sufficiens
1251 1883 1431 1916 dijudicaretur
1456 1892 1501 1916 pro
1520 1883 1692 1915 distinguendo
1715 1892 1818 1916 genere,

974 1917 1033 1951 quid
1050 1917 1231 1942 haesitaremus
1251 1918 1376 1958 extemplo
1398 1921 1436 1942 tot
1454 1917 1609 1950 proclamare
1626 1926 1738 1949 genera,
1757 1922 1818 1950 quot

974 1953 1029 1977 fere
1041 1956 1100 1976 sunt
1112 1952 1225 1992 species,
1243 1951 1286 1977 vix
1309 1952 1373 1977 enim
1385 1951 1439 1976 noti
1451 1951 1523 1976 nobis
1536 1956 1594 1976 sunt
1606 1951 1709 1976 duarum
1719 1951 1818 1985 specie—

974 1994 1028 2011 rum
1048 1986 1138 2017 flores,
1157 1986 1224 2015 inter
1240 1994 1267 2011 se
1285 1986 1349 2011 adeo
1370 1986 1478 2016 similes,
1497 1986 1556 2019 quin
1576 1986 1659 2019 aliqua
1678 1985 1820 2011 intercedat

975 2020 1127 2046 differentia.
1162 2020 1199 2045 Et
1219 2020 1358 2045 allaboravi
1382 2029 1483 2053 quoque
1503 2020 1626 2053 quondam
1647 2029 1662 2044 a
1682 2021 1736 2045 solo
1756 2019 1819 2046 flore

975 2055 1050 2080 etiam
1069 2054 1226 2080 differentias
1244 2055 1377 2088 specificas
1392 2055 1494 2079 tradere
1507 2063 1592 2079 omnes
1604 2073 1610 2084 ‚
1628 2055 1702 2087 licet,
1720 2054 1820 2079 facilior

975 2098 1030 2114 cum
1052 2089 1126 2114 detur
1145 2089 1204 2120 via,
1231 2090 1311 2114 minus
1329 2090 1458 2114 fructuoso
1479 2089 1615 2114 conamine.
1650 2088 1820 2121 Agnoscenda

974 2123 1061 2157 itaque
1076 2123 1170 2149 suadeo
1191 2124 1307 2149 omnibus
1323 2123 1454 2149 Botanicis
1471 2123 1553 2155 sanis,
1572 2123 1595 2148 si
1612 2131 1678 2157 quae
1694 2123 1819 2148 certitudo

978 2238 1048 2252 rorum
1068 2238 1134 2258 opera
1146 2231 1234 2258 jamjam
1254 2232 1350 2258 peritura
1372 2232 1460 2253 dederis
1477 2232 1642 2255 immortalitati,
1661 2231 1768 2251 Vailiantii
1789 2231 1817 2250 vi·

977 2267 1063 2290 delicet,
1078 2267 1289 2290 Swammerdammii,
1303 2269 1328 2287 ut
1338 2269 1420 2287 taceam
1429 2267 1542 2287 Aliorum?
1559 2267 1588 2286 Tu
1603 2267 1668 2291 igitur
1680 2266 1715 2291 qui
1725 2265 1820 2285 Aliorum

977 2307 1044 2328 opera
1058 2303 1118 2321 tanto
1134 2301 1207 2321 studio
1222 2302 1369 2327 prosequeris,
1387 2307 1427 2321 nec
1440 2301 1508 2322 hocce
1523 2307 1611 2327 parvum
1624 2300 1749 2326 opusculum
1763 2300 1819 2319 tueri

977 2336 1108 2361 dedigneris.
1127 2336 1227 2361 Accipias
1236 2335 1296 2358 iliud.
1308 2338 1332 2356 ut
1344 2341 1378 2355 me
1387 2335 1491 2356 hactenus
1504 2335 1647 2358 consuevisti,
1656 2339 1732 2354 serena
1740 2333 1818 2357 fronte,

976 2376 1016 2390 nec
1033 2375 1093 2394 eum,
1112 2370 1148 2395 qui
1161 2370 1219 2390 Tuus
1233 2375 1284 2390 esse
1301 2370 1390 2395 studet,
1408 2370 1483 2390 favore
1505 2369 1606 2396 prosequi
1621 2369 1717 2389 desinas.
1741 2367 1801 2387 Vale.

1012 2404 1077 2424 Gen.
1091 2404 1132 2428 11„
1151 2404 1188 2425 V..·
1207 2403 1363 2424 Excellentiss.
1378 2404 1546 2430 Celsissimuque
1559 2404 1643 2427 comiti,
1664 2403 1727 2422 Dum.
1741 2401 1818 2422 Carulo

976 2439 1074 2459 Gustavo
1083 2438 1168 2463 Tessin,
1179 2439 1238 2464 regis
1252 2439 1354 2464 regnique
1363 2438 1455 2459 Sueciae
1464 2438 1572 2462 Senatori,
1591 2437 1712 2457 Maecenati
1725 2437 1817 2456 maximo

976 2484 1006 2488 —
1028 2473 1055 2494 ob
1077 2478 1160 2493 summa
1180 2474 1202 2493 et
1221 2473 1284 2499 plane
1305 2473 1385 2493 Divina
1403 2473 1425 2492 in
1447 2478 1480 2492 me
1506 2473 1584 2493 collata
1601 2471 1717 2494 beneficia,
1745 2471 1818 2495 gratus

975 2507 1029 2528 haec
1041 2512 1127 2532 genera,
1145 2508 1166 2527 in
1184 2512 1300 2533 perennem
1312 2508 1442 2531 memoriam,
1461 2507 1604 2527 devotissima
1616 2507 1688 2525 mente
1702 2509 1815 2525 consecro.

1011 2541 1077 2562 Gen.
1100 2541 1135 2562 VI.
1145 2548 1153 2562 :
1171 2540 1327 2561 Excellentiss.
1341 2541 1512 2567 Celsissimoque
1527 2541 1604 2561 Comiti
1617 2546 1643 2560 oc
1659 2539 1736 2563 Dom.,
1754 2538 1817 2558 Dom.

975 2575 1043 2596 Andr.
1060 2575 1083 2597 J.
1101 2581 1122 2595 v.
1139 2575 1248 2602 Kfipken,
1266 2575 1333 2601 Regis
1352 2575 1465 2601 Regnique
1480 2575 1593 2599 Senator-i,
1612 2574 1692 2599 Regiae
1709 2572 1818 2592 cancelta-

976 2611 1021 2630 riae
1035 2609 1143 2634 Praesidi,
1161 2609 1228 2630 Acad.
1246 2610 1320 2636 Upsai.
1336 2610 1476 2634 Canceiiario,
1495 2609 1549 2629 Ord.
1563 2614 1608 2634 reg.
1632 2607 1707 2633 Equiti
1721 2609 1744 2626 et
1756 2607 1817 2627 Com-

976 2644 1104 2664 mendatori.
1141 2644 1163 2664 in
1180 2650 1296 2670 perennem
1316 2645 1406 2670 gratiam
1427 2649 1479 2669 erga
1500 2645 1603 2670 optimum
1617 2641 1758 2666 Evergetam,
1781 2641 1818 2666 qui

976 2679 1042 2699 solvit
1056 2680 1209 2699 senescentem
1223 2680 1305 2698 mature
1320 2684 1407 2704 equum,
1420 2684 1448 2698 ne
1461 2680 1557 2698 curreret
1571 2677 1599 2697 ad
1615 2678 1734 2696 extremum
1748 2674 1818 2694 riden-

977 2713 1018 2733 dus
1032 2714 1055 2732 et
1071 2713 1107 2732 iiia
1120 2713 1224 2736 «luceret,
1242 2712 1284 2733 hoc
1301 2718 1357 2739 opus
1373 2712 1512 2732 devotissime
1525 2712 1639 2732 consecrat
1653 2720 1682 2724 -
1699 2709 1723 2729 C.
1739 2715 1760 2728 v.
1776 2709 1802 2728 1..

1044 2747 1064 2771 3)
1085 2748 1140 2768 Ante
1162 2746 1204 2767 Ed.
1231 2747 1268 2767 VI.
1288 2747 1421 2768 contrariitm
1449 2746 1568 2766 emmena-ie
1587 2745 1611 2765 L.
1637 2743 1716 2764 additis
1735 2741 1818 2763 uerbis:

979 2792 1010 2796 —
1027 2781 1088 2807 prod.
1103 2781 1184 2808 plures,
1202 2783 1224 2801 at
1237 2782 1279 2801 sibi
1294 2786 1379 2807 semper
1394 2781 1483 2804 similes,
1496 2782 1520 2800 ut
1534 2780 1621 2806 speeies
1633 2783 1690 2798 nunc
1701 2777 1764 2797 nobis
1775 2782 1819 2797 non

978 2816 1024 2836 sint
1039 2816 1125 2842 plures.
1144 2821 1208 2840 quam
1225 2821 1280 2841 quae
1293 2815 1352 2835 suere
1366 2814 1393 2834 ab
1409 2815 1479 2834 initio.

1464 2845 1495 2886 2
