1967 2930
360 578 841 640 IAEOTGRI
893 575 1494 636 BENEvoLo.

137 833 166 873 ς.
195 835 224 865 1.
269 808 546 863 SAECULARIS
584 841 676 861 annus
719 835 782 867 est,
827 839 864 860 ex
905 840 964 869 quo
1003 830 1130 869 primum
1167 839 1335 869 apparuere
1376 839 1493 868 opera
1537 829 1623 858 Divi
1664 828 1799 857 Caroli

54 893 244 928 Lunum,
268 892 375 930 quibus
399 892 436 920 ob
460 891 606 930 insignem
628 890 815 927 methodum,
838 890 986 919 insolitam
1009 890 1101 918 fidem
1123 892 1215 928 atque
1238 889 1438 918 admirandam
1461 890 1551 925 illam,
1575 898 1662 927 quam
1685 891 1799 916 testau-

53 956 119 988 tur,
143 951 327 990 diligentiam
353 951 429 979 intra
452 950 543 979 breve
569 953 687 989 tempus
712 960 768 988 per
789 950 893 979 orbem
916 952 1062 978 terrarum
1085 949 1235 987 receptis,
1267 949 1366 977 subito
1390 949 1485 977 omnis
1513 948 1639 977 historia
1659 947 1801 976 naturalis

55 1011 94 1040 de
113 1011 231 1050 integro
252 1019 394 1038 conversa
419 1013 466 1039 est
483 1019 649 1048 novamque
671 1010 780 1038 faciem
802 1010 899 1038 induit
919 1019 953 1038 ac
976 1019 1081 1038 novam
1104 1008 1223 1037 intravit
1246 1018 1354 1036 aeram.

142 1069 171 1108 ς.
194 1071 223 1100 2.
258 1069 393 1098 OPERA
413 1069 479 1104 illa,
502 1070 629 1098 maxime
649 1079 726 1108 quae
749 1069 787 1097 ad
804 1068 984 1107 Systema
1002 1067 1171 1097 Naturae
1194 1068 1356 1106 pertinent,
1380 1070 1471 1106 atque
1490 1075 1526 1095 ex
1545 1066 1592 1095 his
1616 1066 1803 1096 botanica

55 1138 128 1168 prae
150 1129 276 1164 ceteris,
300 1129 363 1167 jam
391 1128 452 1156 fide
483 1129 595 1157 autoris
625 1132 656 1158 et
678 1129 845 1158 nominibus
869 1128 905 1157 ab
931 1137 967 1156 eo
990 1127 1169 1156 introductis
1192 1127 1379 1165 sanctisque,
1408 1126 1588 1166 singularem
1611 1127 1802 1156 autorita-

55 1191 132 1217 tem
155 1188 235 1226 apud
258 1197 360 1216 omues
385 1187 519 1217 eruditos
539 1192 625 1217 nacta
650 1192 728 1224 sunt,
752 1189 793 1218 ita
814 1192 847 1217 ut
865 1188 936 1227 jure
958 1196 1036 1215 nunc
1058 1186 1226 1215 habeantur
1244 1186 1471 1215 fundamentum
1495 1186 1700 1225 cujuscunque
1722 1186 1752 1215 iu
1769 1195 1803 1215 re

55 1247 193 1276 botanica
216 1247 450 1285 disquisitionis,
474 1248 689 1276 emendationis
713 1252 745 1277 et
770 1247 938 1276 additionis.

140 1305 168 1344 ᾗ.
191 1307 220 1336 3.
266 1305 482 1334 EDlTlONES
507 1315 608 1335 eorum
637 1307 731 1335 varias
754 1307 916 1335 habemus:
946 1305 1053 1344 partim
1081 1304 1315 1343 originales,
1338 1304 1523 1333 Linnaeanas
1545 1321 1588 1325 —
1609 1304 1717 1342 partim
1739 1304 1803 1343 hy-

56 1365 208 1400 bridas,
240 1364 344 1393 furtim
367 1374 488 1393 recusas
510 1382 552 1386 —
573 1366 622 1394 vel
645 1366 858 1401 alienatas,
890 1366 1063 1394 emendatas
1086 1368 1250 1402 auctasque
1273 1365 1309 1392 ab
1332 1364 1398 1392 aliis
1420 1380 1462 1386 -—
1483 1364 1531 1393 vel
1560 1363 1727 1400 alienas,
1756 1364 1803 1392 vix

55 1425 111 1454 nisi
128 1423 252 1452 Linnaei
274 1424 394 1453 nomine
417 1426 535 1453 ornatas
557 1424 775 1454 elaborationes
797 1424 937 1454 Virorum
960 1423 1132 1452 Doctorum.
1176 1423 1222 1452 Ex
1245 1423 1292 1452 his
1314 1423 1563 1452 Linna‘eanae
1588 1422 1690 1461 [quasi
1713 1433 1803 1453 unum

57 1483 257 1522 organismum
289 1483 381 1511 hodie
410 1483 599 1522 reserentes]
630 1485 799 1513 continuam
832 1484 942 1512 seriem
974 1483 1233 1518 emendationum,
1267 1484 1463 1512 mutationum
1494 1483 1738 1521 additionumque
1768 1483 1806 1512 ab

55 1545 179 1571 auctore
200 1542 348 1570 factarum
371 1542 533 1578 exhibent,
563 1543 605 1571 ita
628 1547 661 1571 ut
683 1553 752 1571 sese
775 1543 902 1571 invicem
931 1551 1080 1581 nunquam
1103 1551 1163 1570 non
1186 1541 1329 1580 expleant
1351 1546 1403 1571 aut
1424 1543 1682 1581 interpretentur,
1712 1545 1804 1581 atque

54 1602 171 1641 singula
193 1602 337 1637 seorsim,
363 1601 547 1639 reliquorum
571 1602 732 1631 collatione
754 1603 912 1641 neglecta,
935 1611 1058 1640 prorsus
1082 1601 1211 1640 intelligi
1234 1605 1394 1640 nequeant.

139 1661 168 1700 ς.
191 1663 220 1692 4.
263 1659 440 1689 RARlTAS
464 1661 685 1690 editionum
708 1661 988 1701 originalium,
1012 1661 1041 1689 in
1063 1661 1241 1699 quibusdam
1264 1661 1302 1690 de
1325 1661 1374 1690 die
1397 1661 1426 1690 in
1449 1661 1529 1689 diem
1551 1660 1687 1696 adaucta,
1709 1659 1805 1689 PRE-

53 1719 161 1749 '1'1UM
181 1719 320 1748 eximium
344 1728 403 1758 quo
426 1723 566 1749 emuntur
586 1724 647 1749 tam
677 1722 800 1760 copiosa
822 1721 1000 1750 fertilissimi
1023 1721 1179 1758 scriptoris
1202 1730 1311 1759 opera,
1335 1718 1603 1750 DIFFICULTAS
1623 1707 1745 1748 tandem
1768 1729 1804 1748 ea

52 1778 168 1818 singula
190 1778 346 1807 evolvendi
366 1778 397 1806 in
419 1780 523 1816 quovis
547 1790 658 1819 genere
682 1784 713 1809 et
736 1782 838 1820 quavis
862 1781 964 1819 specie
988 1780 1056 1819 [nec
1079 1780 1248 1809 taediosum
1271 1780 1369 1809 solum
1390 1780 1448 1808 hoc
1472 1782 1529 1815 est,
1552 1788 1655 1807 verum
1677 1779 1707 1807 in
1730 1788 1803 1807 non-

56 1838 146 1867 nullis
173 1837 251 1866 adeo
273 1837 470 1876 perdifficile:
503 1839 616 1878 quippe
645 1849 735 1878 quum
759 1840 935 1869 abscondita
957 1839 1107 1878 permulta
1129 1840 1189 1869 sint
1210 1841 1240 1869 in
1264 1839 1475 1869 additamentis
1500 1839 1647 1867 variorum
1669 1847 1803 1876 operum,

51 1897 100 1926 vel
127 1900 243 1926 tantum
272 1898 303 1926 in
327 1898 587 1928 dissertationibus
616 1897 660 1937 ὣς
690 1898 725 1931 ἐν
746 1899 882 1941 παρόδῳ
912 1902 1055 1928 notentur
1083 1902 1115 1928 et
1144 1892 1188 1928 sic
1215 1898 1342 1938 porro]:
1363 1916 1406 1920 ——
1435 1899 1560 1927 omnia
1584 1898 1680 1926 haec
1709 1897 1802 1936 magis

52 1957 207 1996 magisque
235 1961 374 1994 monent,
404 1957 511 1988 adesse
534 1962 671 1998 tempus,
701 1969 761 1999 quo
783 1960 905 1988 tandem
928 1959 1087 1997 aliquando
1110 1959 1231 1997 prodire
1260 1958 1372 1987 debeat
1394 1957 1532 1987 EDITIO
1561 1957 1707 1985 rariorum
1730 1956 1801 1996 Igin-

55 2026 236 2045 naeanorum
266 2027 407 2056 operum,
433 2020 549 2047 textum
579 2019 639 2047 rite
670 2022 876 2058 comparatum
906 2021 937 2047 et
964 2019 995 2047 in
1024 2028 1115 2047 unum
1143 2018 1282 2047 volumen
1304 2020 1488 2046 contractum
1515 2017 1684 2052 continens,
1716 2016 1802 2045 usui

52 2076 326 2106 botanicorum
357 2077 539 2115 practico
568 2078 732 2114 destinata,
765 2087 862 2116 eaque
889 2078 1005 2107 ratione
1034 2078 1174 2113 redacta,
1203 2080 1236 2105 ut
1254 2077 1316 2116 jam
1347 2077 1480 2115 pretiosa
1509 2076 1559 2104 illa
1587 2078 1619 2104 et
1645 2076 1802 2114 perpetuis

52 2135 283 2174 repetitionibus
310 2136 372 2165 suis
397 2136 484 2165 valde
502 2137 629 2167 molesta
651 2137 877 2177 Originalia
899 2136 1122 2166 Linnaeana
1145 2136 1251 2175 seponi
1276 2139 1369 2175 atque
1392 2135 1429 2164 ad
1450 2135 1649 2164 bibliothecas
1671 2135 1800 2173 majores

50 2194 179 2233 relegari
200 2195 326 2233 possint.

135 2254 165 2294 ἓ.
187 2256 217 2286 5.
261 2253 399 2284 CODEX
433 2255 580 2295 ejusmodi
613 2255 831 2285 botanicus
867 2254 1117 2285 Linnaeanus
1152 2264 1280 2284 necesse
1315 2257 1364 2284 est
1397 2253 1561 2283 lectoribus
1597 2252 1712 2283 haecce
1746 2263 1798 2282 ex-

50 2314 174 2343 hibeat:

137 2371 171 2414 1)
201 2372 350 2403 Turnat
375 2383 591 2404 COMPLETUM
614 2383 739 2412 operum
762 2383 881 2408 eorum,
905 2383 982 2411 quae
1004 2382 1103 2402 coram
1126 2373 1200 2402 orbe
1222 2375 1369 2401 terrarum
1383 2372 1584 2401 Linnaeanam
1607 2371 1797 2400 autoritatem

51 2432 199 2469 referunt,
221 2433 240 2462 i.
264 2442 291 2461 e.
314 2433 479 2462 editionum
502 2434 688 2473 originalium
708 2432 956 2472 ‘Systematis
979 2431 1155 2461 Naturae
1178 2431 1251 2473 (Ed.
1274 2432 1307 2468 L,
1330 2431 1375 2467 11,
1398 2431 1459 2467 VL,
1482 2431 1530 2467 X.,
1556 2429 1620 2459 XII.
1646 2434 1678 2459 et
1702 2428 1794 2470 xm.)

51 2490 242 2521 Generum
264 2492 486 2530 plantarum
509 2491 581 2534 (Ed.
599 2493 631 2529 L,
653 2493 698 2530 IL,
720 2492 758 2523 V.
784 2495 815 2521 et
833 2490 899 2532 vl.)
924 2495 956 2520 et
978 2491 1208 2530 Specierum
1230 2490 1454 2529 plantarum
1477 2488 1549 2531 (Ed.
1572 2489 1593 2518 Ι.
1617 2494 1648 2518 et
1669 2488 1719 2530 11.)
1743 2499 1796 2518 eo-

49 2559 176 2589 rumque
194 2550 407 2580 Mantissarum
430 2549 466 2592 (1.
486 2555 517 2581 et
531 2550 600 2593 lL),
626 2552 857 2581 Corollariorum
880 2554 912 2580 et
934 2551 1215 2580 Additamentorum
1237 2550 1403 2585 variorum,
1425 2549 1475 2578 hic
1497 2549 1558 2577 illic
1582 2549 1794 2586 dispersorum.

134 2607 170 2650 2)
199 2609 347 2640 Turum
377 2619 427 2640 Ex
463 2620 572 2640 PARTE
601 2620 814 2641 comiacrum
853 2619 956 2639 eorum
986 2619 1128 2648 operum,
1166 2619 1244 2648 quae
1272 2609 1355 2638 basin
1385 2608 1563 2647 plerumque
1593 2608 1794 2646 systematicis

49 2669 114 2698 istis
130 2669 214 2698 libris
229 2670 408 2708 praebuere,
431 2670 548 2699 scilieet
568 2670 770 2700 Florarum
795 2668 1002 2711 (Lapponicae
1019 2670 1050 2704 l.,
1069 2669 1114 2704 IL,
1138 2668 1284 2697 Suecicae
1299 2667 1330 2703 L,
1350 2667 1394 2703 11,
1417 2665 1624 2707 Zeylanicae),
1648 2667 1793 2696 Horto-

49 2738 128 2758 rum
151 2727 343 2769 (Clifl'ortiani
371 2732 404 2758 et
427 2728 647 2771 Upsaliensis),
679 2729 873 2759 Materiae
903 2728 1095 2763 medicae,
1126 2727 1464 2756 Dissertationum
1494 2736 1530 2755 ex
1552 2726 1791 2755 Amoenitatibus

48 2788 130 2818 acad.
153 2789 306 2818 variarum.
349 2788 554 2827 Quaecunque
576 2789 655 2818 enim
676 2789 707 2817 in
734 2788 781 2817 his
809 2787 847 2816 ad
870 2787 1102 2827 diagnosticum,
1133 2786 1339 2825 synonymiam
1362 2788 1393 2814 et
1422 2785 1671 2824 descriptionem,
1698 2785 1791 2814 multa

755 2895 794 2930 ‘2-
811 2891 851 2928 ἢ
868 2889 908 2929 Q
929 2888 967 2930 3,,
986 2882 1025 2930 ³]
