1967 2930
748 81 904 112 Mos-mm
934 91 1077 112 nni-roms.
1715 81 1799 112 XXV

52 166 147 199 burgi
173 173 258 192 anno
279 165 354 191 1792.
394 165 537 190 Permultas
558 172 651 197 casque
674 163 802 198 pretiosas
822 164 1029 196 observationes,
1057 164 1165 189 maxime
1187 165 1219 190 de
1242 165 1378 197 generibus·
1401 165 1560 199 plantarum,
1594 173 1640 189 nec
1659 174 1720 191 voro
1745 175 1794 192 non

52 209 128 235 etiam
147 208 178 234 de
198 208 331 241 speciebus
351 208 499 241 quibusdam
514 207 653 232 continent.
694 207 792 231 Tamen
805 214 821 231 a
835 207 907 231 nobis
927 216 976 231 non
992 207 1142 240 frequenter
1160 204 1336 240 excerpendae
1355 217 1410 232 esse
1430 208 1598 233 videbantur:
1618 208 1708 241 partim
1727 209 1795 242 quod

50 260 89 283 ea,
105 259 171 285 quae
189 251 327 281 continent,
346 251 443 275 nonnisi
456 251 487 275 ad
506 257 647 275 sermonem
660 247 744 273 vivum
759 249 855 274 autoris
874 250 958 281 fugaci
978 250 1073 274 calamo
1086 258 1101 274 a
1115 249 1244 282 discipulis
1258 251 1401 283 conscripta
1419 255 1485 279 sunt,
1505 259 1552 275 nec
1573 251 1604 275 ab
1619 251 1673 284 ipso
1683 251 1795 277 Linnaeo

48 294 221 329 promulgata,
244 294 268 318 id
286 294 352 327 quod
374 302 402 318 re
420 302 482 319 vera
501 293 614 317 criticam
633 299 717 316 earum
737 291 846 317 indolem
865 292 996 317 diminuit:
1016 292 1107 326 partim
1122 300 1184 317 vero
1206 292 1272 324 quod
1289 300 1352 325 opus·
1369 294 1497 325 peculiare
1515 293 1616 326 sistunt,
1635 298 1707 318 extra
1722 296 1794 328 cujus

47 345 139 363 nexum
156 336 263 370 plurima
279 345 310 362 ex
331 336 361 362 iis
381 344 430 361 non
451 336 498 360 huc
517 334 656 366 trahenda,
676 333 751 359 immo
772 334 870 359 leviora
889 344 1013 369 apparere
1031 338 1149 369 possunt,
1169 334 1261 368 partim
1284 334 1359 359 etiam
1383 335 1441 368 quia
1463 337 1510 360 hoc
1532 343 1596 370 opus
1616 338 1745 362 recentius
1770 340 1796 362 et

48 379 116 404 intra
131 378 307 404 botanicorum
328 386 414 404 manus
432 378 573 403 etiamnunc
591 380 637 402 ost.
680 377 821 402 Praeterea
842 377 919 402 ctiam
945 377 1034 410 negari
1053 378 1152 411 nequit,
1173 377 1240 402 hand
1258 385 1338 411 pauca
1359 378 1391 401 ab
1416 378 1515 403 editore
1539 379 1739 412 (promulgante
1762 380 1795 405 li—

48 422 122 447 brum
138 425 194 455 post
209 423 243 447 ΞΟ
260 422 353 454 annos)
376 420 522 451 emendata,
540 419 636 452 addita,
653 423 802 452 mutataque
817 419 908 454 videri,
931 421 968 446 ita
988 424 1017 445 ut
1035 429 1084 445 non
1103 428 1246 450 vereamur,
1264 419 1301 444 his
1323 420 1534 452 praelectionibus
1552 422 1663 446 valorem
1681 422 1795 448 criticum

48 464 120 490 sere
139 464 253 498 epistolis
273 463 426 489 Linnaeanis
445 462 573 496 aequalem
592 477 625 481 —
643 462 815 487 tantummodo
847 463 996 488 concedere,
1044 463 1197 495 Plerumque
1217 462 1403 487 citavimus
1421 462 1482 487 illud
1501 464 1603 493 lectori;
1624 473 1796 491 monemus

48 512 145 533 tamen:
165 508 263 539 ,.ctiam
276 508 302 532 iu
317 506 511 540 generibus,
530 505 573 529 ubi
585 512 633 528 non
647 505 752 535 citatur,
771 506 921 538 plerumque
939 505 1173 530 breuissimum
1190 505 1341 538 aliquem
1361 506 1449 530 char.
1465 507 1668 539 specificam
1687 510 1795 540 cnjus-

49 559 110 583 que
127 550 272 584 generis
297 553 384 574 extare
407 548 433 573 in
456 548 497 572 his
519 547 768 579 praelectior1ibns.'’
806 548 916 573 Omnino
935 547 1099 580 dignissimus
1118 547 1197 579 liber,
1223 547 1267 580 qui
1287 548 1432 572 consulatur
1449 548 1480 573 ab
1508 557 1553 582 eo,
1580 549 1622 583 qui
1644 551 1795 577 sententiam

48 593 151 618 Linuaei
169 592 201 618 de
212 592 297 625 aliquo
314 599 409 624 genere
427 590 468 615 vel
487 589 588 623 specie,
608 589 680 622 quasi
700 590 817 616 familiari
836 591 961 624 colloquio
981 590 1136 621 exhibitam,
1156 598 1311 622 cognoscere
1333 589 1409 614 velit!

116 652 143 678 4.
181 652 414 677 Drssnnmmosns
432 649 565 680 Lnsmm,
593 648 628 673 in
646 649 950 676 Amoenitatibus
968 650 1181 675 academicis
1198 650 1374 675 collectae
1392 650 1425 674 ab
1444 650 1524 683 Ipso
1550 654 1576 676 et
1603 652 1795 686 somehow,

51 703 143 728 magna
161 703 192 720 ex
213 699 288 729 parte
310 702 325 719 a
343 692 415 718 nobis
434 690 603 717 conferendae
624 694 714 724 erant,
738 700 815 725 quum
834 693 891 726 plus·
913 701 987 727 quam
1007 694 1040 719 70
1058 693 1134 717 exiis
1155 692 1235 725 magis
1254 693 1368 717 minusve
1386 692 1417 716 ad
1437 693 1599 726 explicandas
1617 696 1717 729 plantas
1736 696 1796 722 Lin-

49 738 106 763 naei
125 738 212 763 valere
230 736 335 771 possint.
362 735 435 765 Quae
448 734 556 759 maxime
573 734 622 758 huc
639 734 767 768 pertinent
783 738 808 760 et
821 736 875 761 fere
890 736 1057 761 absorbentur
1073 735 1178 767 Codice,
1198 744 1276 769 supra
1295 740 1508 760 commemoratae
1526 740 1584 762 sunt
1602 738 1657 763 sub
1676 739 1796 764 1126.-

49 780 185 814 Reliquae,
201 780 292 813 quibus
307 779 388 811 majus
405 781 569 809 momentum,
590 776 615 801 in
636 778 708 802 'l'ab.
734 779 754 803 Ι,
780 782 941 812 nuncupatae
960 782 1033 809 sunt3
1057 781 1159 803 ceterae
1178 778 1202 803 in
1224 782 1297 803 textu
1316 778 1428 803 Codicis.
1469 779 1572 812 Ubique
1595 788 1656 804 vero
1675 782 1796 806 Amneni-

47 826 133 849 tatum
151 822 242 847 librum
261 821 383 851 citamus,
411 819 454 853 qui
482 820 591 845 omnium
611 820 636 844 in
656 821 779 846 manulius
798 824 853 851 est,
878 829 953 854 quum
977 822 1044 846 diss.
1067 821 1211 854 originales
1230 821 1374 846 rarissimae
1400 821 1457 846 sint.
1508 822 1695 847 Tantummodo
1714 823 1797 848 sicubi

49 873 166 891 nornen
189 865 327 898 plantae
352 873 384 888 cx
404 863 526 888 eiusmodi
548 863 726 888 dissertatione
745 868 835 895 ortum,
857 868 919 887 tunc
933 864 996 888 hanc
1015 864 1047 889 ad
1068 872 1157 888 nomen
1176 864 1291 895 citamus,
1311 863 1430 897 deioceps
1452 873 1513 889 vero
1527 873 1700 899 nuncupamus
1716 866 1797 891 locum

48 908 252 935 Amoenitatibus
272 909 321 941 (cf.
345 916 367 933 v.
388 916 408 932 c.
438 907 589 932 serenicum
608 910 756 932 montanam
769 908 801 940 fl.
827 906 951 940 angl.)

117 960 142 985 5.
182 959 256 985 ACTA
283 966 452 984 soclnrxrmu
474 965 668 990 rmumrmt'm,
694 957 896 983 Holmensis
921 965 1026 992 nempe,
1061 957 1283 991 Upsaliensis
1311 961 1337 983 et
1366 958 1681 992 Petropolitanae,
1712 959 1798 986 varias

49 1002 155 1028 Linnaci
181 1001 368 1027 elaborationes
393 1001 425 1025 de
450 1000 557 1034 plantis,
583 1001 712 1026 novitates
735 1001 907 1034 promulgatas
927 1005 954 1026 et
979 1000 1153 1026 additamenta
1172 1001 1203 1025 ad
1225 1009 1303 1034 opera
1329 1001 1497 1033 systematica
1516 1001 1661 1031 continent,
1681 1010 1746 1035 quae
1766 1011 1797 1028 ex

51 1050 126 1079 parte
147 1045 300 1070 conferenda
315 1053 369 1069 cum
385 1043 490 1069 Codicis
509 1047 596 1075 textu,
617 1052 647 1068 ex
662 1046 735 1076 parte
752 1044 855 1069 citanda
873 1047 984 1076 tantum,
1005 1052 1035 1069 ex
1054 1047 1127 1077 parte
1141 1052 1203 1068 vero
1223 1044 1379 1068 reservanda
1398 1048 1489 1077 erant,
1511 1052 1590 1077 usque
1606 1044 1664 1069 dum
1684 1046 1798 1078 Operum

49 1088 251 1114 Linnaeanorum
272 1087 394 1112 Editione
415 1086 499 1119 colligi
515 1090 617 1119 queant.
654 1087 772 1120 Namque
786 1087 812 1112 in
833 1087 871 1112 his
890 1095 989 1121 quoque
1012 1087 1085 1120 plura
1102 1091 1161 1112 sunt
1186 1086 1260 1111 hodie
1281 1086 1352 1119 quasi
1375 1087 1525 1111 abscondita
1542 1095 1623 1120 neque
1645 1088 1719 1113 valde
1742 1096 1798 1115 cum

48 1132 111 1157 orbe
126 1135 251 1156 terrarum
265 1130 450 1155 communicata
470 1130 510 1162 (ut
530 1138 551 1153 υ.
568 1137 587 1154 c.
606 1129 634 1153 z'n
652 1130 748 1155 Actis
768 1130 1010 1156 Ilolmensibus
1029 1134 1130 1155 tantum
1141 1129 1246 1154 suecica
1262 1132 1286 1154 et
1301 1138 1364 1154 cura
1380 1130 1503 1154 Ka'scncri
1518 1130 1670 1156 Germanico
1685 1139 1798 1158 sermone

48 1175 208 1200 extantibus:
225 1174 317 1207 paucis
330 1173 454 1206 exceptis,
472 1181 539 1205 quae
557 1172 641 1198 latine
658 1173 793 1198 reddidere
813 1175 941 1199 Analecta
956 1174 1122 1206 transalpina
1143 1176 1220 1205 atque
1236 1172 1376 1197 Gilibcrtus
1395 1172 1422 1197 in
1435 1173 1565 1198 Fundam.
1584 1174 1663 1206 bot.)-

119 1226 143 1251 6.
185 1225 227 1250 E:
246 1225 398 1250 Orcscrms
417 1224 565 1248 Linnaci
588 1223 630 1248 vix
649 1224 696 1248 nisi
722 1224 815 1250 Musa
835 1225 1065 1250 Cliffortiana
1092 1223 1145 1256 (cni
1165 1223 1402 1248 dissertatiunculae
1422 1228 1526 1257 praeter
1547 1223 1638 1249 Musae
1662 1233 1796 1257 monogra-

49 1268 134 1302 phiam
153 1267 225 1301 plura
250 1277 274 1293 v.
299 1276 320 1292 c.
345 1267 376 1291 de
396 1265 607 1291 Scitaminearum
627 1267 783 1299 quarundam
803 1268 873 1293 char.
899 1267 1024 1300 genericis
1046 1267 1076 1291 ad
1095 1266 1216 1291 Codicern
1238 1265 1392 1299 pertinentia
1411 1266 1509 1297 insunt)
1529 1270 1555 1290 et
1584 1266 1796 1300 Disquisitio

50 1311 91 1336 de
109 1318 191 1336 sexu
211 1310 401 1343 plantarum
420 1310 460 1340 (in
474 1313 532 1334 Am.
554 1317 594 1334 ae.
616 1313 682 1334 tomo
698 1312 735 1336 10.
750 1312 854 1343 recusa)
872 1311 920 1335 huc
933 1309 991 1334 duci
1010 1312 1139 1343 poterant.
1154 1324 1187 1327 —
1206 1309 1258 1334 Sed
1272 1311 1409 1342 praeterea
1426 1309 1667 1334 commemorandum
1686 1310 1796 1344 omnino,

50 1353 410 1387 quasi-Linnaeanos
430 1352 538 1377 libros
557 1360 587 1376 ac
605 1355 672 1377 teste
691 1352 797 1378 Lirmaei
817 1353 897 1378 diario
917 1354 1035 1386 (Egcnlt.
1059 1352 1258 1385 Anteelrningar
1275 1352 1315 1377 etl.
1332 1351 1411 1383 Asz.)
1430 1359 1511 1383 „una
1530 1351 1746 1378 elaborato?
1765 1354 1797 1378 ab

49 1405 80 1421 eo
99 1403 154 1420 cum
172 1395 304 1420 autoribus
324 1404 379 1421 esse
399 1394 577 1419 Gronovii
595 1394 738 1420 Floram
760 1397 980 1430 l'irginicam
1001 1397 1083 1421 Τοπι.
1104 1396 1123 1420 1.
1151 1395 1224 1421 1733.
1249 1398 1276 1419 et
1294 1394 1422 1427 Royeni
1438 1394 1653 1426 prodromum
1672 1396 1799 1422 Florae

47 1438 242 1471 Iaeydensis.
269 1438 343 1464 1739.
385 1438 458 1468 Quae
478 1441 586 1470 utraque
606 1437 737 1462 multarum
757 1438 898 1471 plantarum
915 1438 973 1464 inde
993 1447 1008 1463 a
1024 1438 1151 1469 Linnaeo,
1176 1437 1202 1462 in
1224 1436 1359 1462 exarandis
1381 1437 1516 1469 Speciebus
1535 1437 1576 1462 Pl.
1601 1437 1725 1469 maxime,
1751 1438 1798 1464 de-

51 1484 224 1514 promptarum
248 1480 279 1506 lo
290 1489 325 1505 co
335 1490 346 1505 s
365 1489 380 1514 p
391 1479 506 1512 rincip
516 1488 549 1503 es
568 1479 701 1505 exhibent:
727 1481 791 1506 adeo
809 1485 837 1506 ut
850 1481 893 1506 diu
912 1480 983 1506 dubii
997 1481 1169 1512 haeserimus,
1193 1489 1276 1505 annon
1291 1482 1397 1513 propter
1410 1479 1498 1504 eadem
1515 1479 1622 1504 Linnaei
1637 1480 1718 1505 verba
1731 1484 1799 1506 tam-

50 1530 125 1556 quam
143 1522 233 1555 reliqui
247 1523 295 1548 sub
313 1523 347 1548 N.
362 1524 391 1548 11.
418 1521 559 1548 enumerati
578 1521 635 1546 libri
657 1522 694 1555 (n.
716 1524 858 1556 19—26.)
879 1522 976 1556 integri
998 1522 1146 1549 conserendi
1164 1525 1258 1548 essent.
1309 1522 1362 1547 Sed
1383 1523 1500 1555 profecto
1519 1526 1578 1546 tunc
1598 1522 1676 1547 etiam
1697 1523 1798 1549 Sauva-

48 1565 128 1598 gesii,
154 1565 281 1597 Gerardi,
300 1565 408 1597 Kalmii,
429 1565 567 1595 Osbeckii,
591 1565 709 1598 Jacquini
727 1566 791 1591 adeo
810 1566 967 1599 aliorumque
988 1574 1068 1599 opera
1087 1566 1159 1591 varia
1177 1566 1226 1591 huc
1241 1565 1309 1590 trahi
1327 1564 1401 1591 simili
1417 1566 1475 1598 jure
1492 1564 1648 1598 potuissent,
1670 1574 1685 1590 a
1706 1565 1798 1598 quibus

47 1608 128 1633 Pater
145 1609 285 1634 Botanices
300 1609 449 1634 recentioris
467 1607 548 1640 magis
559 1607 674 1633 minusve
686 1608 753 1633 bona
766 1609 815 1633 fide
832 1609 958 1642 quaedam
974 1608 1076 1641 integra
1093 1613 1179 1634 mutuo
1198 1608 1342 1642 sumpserit,
1362 1623 1397 1626 —
1416 1608 1491 1638 Quod
1508 1607 1541 1632 ad
1558 1608 1703 1633 Ferberi
1721 1609 1798 1634 Ιιον-

47 1655 116 1677 tum
134 1653 397 1685 Agerumenscm
411 1652 483 1677 1739.
505 1651 606 1683 attinet⁷
626 1650 668 1683 qui
689 1653 755 1676 teste
768 1651 855 1676 eodem
872 1651 953 1688 diario
969 1654 1087 1684 „totus
1106 1651 1288 1676 Linnaei'⁷:
1306 1653 1376 1676 totus
1392 1650 1432 1675 ille
1454 1651 1586 1684 catalogus
1599 1651 1742 1686 exscriptus
1757 1652 1799 1677 est

48 1695 82 1720 ab
102 1694 201 1720 editore
219 1703 250 1720 ex
265 1693 338 1719 horto
352 1693 515 1719 Cliffortiano
529 1698 578 1719 etc.
595 1703 603 1726 ;
622 1694 664 1720 vix
679 1702 740 1719 vero
757 1693 864 1719 Linnaei
885 1701 964 1728 opus,
988 1702 1035 1719 nec
1049 1693 1099 1719 alia
1118 1702 1147 1719 re
1163 1694 1344 1720 memorabilis.

727 1807 809 1841 IV.
851 1806 1123 1847 Aliena,

51 1880 70 1907 i.
88 1889 113 1907 e.
135 1880 280 1907 aliorum
300 1884 453 1907 autorum
472 1889 590 1915 opera,
609 1881 735 1915 quibus
752 1890 833 1907 vera
851 1881 1034 1907 autoritas
1053 1880 1378 1914 (authenticitatem
1397 1881 1536 1913 vocant)
1561 1880 1598 1906 ad
1617 1880 1797 1914 explican-

50 1921 123 1948 dam
147 1924 289 1949 Linnaei
315 1924 530 1949 sententiam
554 1924 662 1955 inest,
689 1925 832 1950 adhibenda
857 1934 914 1951 esse
937 1924 1091 1950 videbantur
1114 1924 1145 1949 ad
1168 1923 1270 1949 lectoris
1292 1924 1486 1948 emolumentum
1505 1927 1532 1948 et
1551 1923 1665 1948 criticam
1685 1924 1798 1950 locorum

49 1965 182 1991 dubiorum
200 1966 392 2001 perficiendam.
414 1981 448 1985 —
477 1966 519 1991 Ex
535 1966 574 1991 his
587 1974 683 1991 summa
696 1976 756 1992 sane
769 1967 894 1993 autoritas
907 1967 975 2000 apud
997 1970 1137 1992 autores
1157 1967 1200 1991 Su
1211 1966 1324 1991 ccicos
1343 1963 1398 1997 est}
1417 1966 1460 1999 qui
1476 1966 1534 1991 lora
1548 1966 1639 1991 natalia
1655 1966 1797 1999 plantarum

49 2016 64 2033 e
78 2008 184 2034 Linnaei
199 2009 283 2034 Floris
295 2008 409 2034 Suecicis
430 2009 591 2034 oriundarum
612 2009 807 2043 investigarunt.
848 2010 960 2036 Maxime
977 2012 1035 2036 lVa
1044 2010 1254 2043 hlenbergii
1271 2010 1353 2034 Flora
1372 2009 1524 2042 Lapponica
1545 2013 1570 2034 et
1585 2009 1700 2040 saccina,
1719 2009 1798 2034 inter-

48 2050 107 2082 dum
126 2051 238 2077 eiusdem
254 2052 334 2078 Flora
350 2053 508 2086 Upsaliensis
529 2055 555 2077 et
571 2053 715 2085 Carpatica
733 2053 780 2078 huc
797 2053 939 2087 pertinent,
959 2054 1093 2079 Friesii
1117 2053 1200 2078 Flora
1224 2052 1402 2080 Hallandica,
1430 2051 1554 2077 Novitiae
1570 2053 1656 2084 florae
1678 2053 1800 2079 suecicae

49 2093 113 2127 (Ed.
127 2094 181 2127 ΙΙ.)
196 2102 332 2128 earumque
345 2095 492 2127 Mantissa,
513 2096 633 2120 Wahlb
643 2096 736 2129 crgii
750 2096 790 2121 Fl.
811 2096 1039 2130 Gotlzoburgcnsis.
1060 2111 1095 2115 —
1114 2095 1138 2120 E
1154 2094 1279 2120 botanicis
1294 2094 1380 2127 Anglis
1398 2094 1509 2128 inclytus
1521 2095 1636 2120 herbarii
1653 2096 1799 2121 Limaeam·

47 2144 228 2169 posecssor
250 2138 367 2163 Iconibus
380 2139 535 2172 plantarum
556 2139 679 2164 hacteuus
703 2139 810 2164 ineditis
832 2139 929 2172 aliquas
942 2140 1041 2173 species
1059 2138 1213 2169 illustravit,
1235 2141 1262 2162 et
1280 2137 1515 2162 observatinnculas
1534 2137 1566 2162 de
1587 2137 1666 2164 variis
1686 2138 1800 2164 exhibuit

47 2177 74 2203 in
92 2179 179 2205 Floris
200 2179 255 2205 suis
276 2181 445 2211 Brittanicis,
469 2181 639 2206 Linuacanae
666 2181 797 2206 societatis
817 2181 899 2213 actis,
928 2183 1056 2216 opusculis
1077 2181 1241 2214 epistolisque
1261 2180 1420 2205 Linnacanis
1439 2181 1472 2205 ab
1493 2189 1523 2206 eo
1537 2181 1628 2213 editis,
1652 2181 1799 2215 sparsisque

49 2220 106 2246 aliis
124 2220 201 2253 locis,
220 2230 286 2256 quae
302 2224 388 2248 forsan
411 2232 459 2249 uon
479 2224 562 2249 omnia
581 2224 754 2257 cognovimus.
780 2239 808 2243 —
830 2225 979 2250 Dinnuei
993 2225 1082 2258 filii
1099 2232 1187 2258 opera,
1208 2231 1274 2257 quae
1293 2223 1396 2248 vivente
1412 2227 1487 2256 patre
1506 2223 1601 2257 scripta
1622 2228 1694 2256 sunt,
1713 2224 1798 2256 digni-

48 2266 128 2289 tatem
146 2272 218 2296 eam,
241 2273 316 2298 quam
329 2266 433 2300 propria
453 2267 508 2292 sere
528 2267 614 2292 Patris
635 2267 761 2300 opuscula
781 2267 826 2291 sub
837 2267 869 2292 11.
890 2268 970 2293 2:111.
995 2268 1163 2297 enumerata,'
1179 2266 1290 2291 habeant
1311 2274 1415 2290 necesse
1441 2270 1496 2298 est,
1521 2266 1619 2291 seriora
1639 2274 1702 2290 vero
1725 2270 1798 2291 auto-

49 2305 152 2331 ritatem
172 2309 244 2332 certe
261 2307 344 2341 Ejus,
363 2308 405 2333 cui
428 2309 578 2342 plerumque
597 2312 658 2335 ante
673 2308 759 2334 oculos
780 2310 852 2335 fuere
873 2310 1013 2345 specimina
1034 2310 1190 2335 Linnaeana.
1212 2325 1246 2329 —
1273 2309 1420 2343 Discipulos
1434 2308 1500 2334 inter
1521 2309 1679 2334 Ehrlrart
1690 2317 1725 2334 us
1743 2317 1798 2335 ma·-

49 2347 132 2381 xirne,
149 2349 384 2382 Schrcberus,
405 2352 664 2385 Thunbergius,
682 2352 843 2384 Relzl'us‚
869 2354 1060 2386 Aszelius,
1079 2352 1258 2383 mser-ins,
1277 2352 1542 2384 Fabriciosque
1560 2351 1579 2375 ii
1597 2355 1686 2383 erant,
1707 2359 1723 2376 a
1741 2352 1798 2385 qui-

48 2389 96 2415 bus
109 2390 258 2418 Linnacana
275 2393 405 2419 sententia
427 2394 608 2419 communicari
633 2398 661 2419 et
682 2394 780 2420 servari
801 2399 912 2428 poterat.
940 2410 968 2415 —-
989 2396 1236 2421 Rccentiornm
1256 2403 1335 2428 opera
1356 2393 1505 2428 saepissime
1527 2393 1631 2419 criticas
1648 2398 1800 2420 controver-

44 2432 102 2470 ⁴sias
119 2433 152 2459 de
169 2433 264 2468 plantis
283 2435 437 2462 Linnaeanis
461 2440 604 2470 moverunt,
624 2446 688 2471 quas
706 2439 788 2465 sicubi
808 2438 976 2473 respeximus,
998 2438 1241 2464 lVilldenowii
1259 2437 1386 2469 maxime,
1404 2437 1609 2468 Schultesii,
1628 2437 1671 2469 Sp
1680 2445 1736 2462 reu
1744 2446 1799 2471 ge-

47 2475 114 2507 iii,
137 2476 312 2511 Browuei,
330 2479 571 2510 Det-audonei,
597 2481 876 2508 Reichenbnchii
898 2481 1054 2514 aliorumque
1067 2488 1145 2513 opera
1161 2480 1338 2511 consulentes,
1355 2488 1386 2504 ea
1406 2483 1490 2504 mente
1512 2479 1623 2512 egimus,
1648 2483 1677 2504 ut
1697 2480 1761 2505 haec
1785 2488 1799 2505 a

50 2517 147 2544 Codice
167 2527 217 2545 non
237 2520 334 2554 aliena,
353 2520 491 2547 lectoribus
514 2526 599 2549 autem
618 2528 694 2557 grata
711 2525 767 2550 fore
782 2523 1017 2549 existimaverimus.
1062 2523 1135 2554 Quae
1154 2522 1176 2548 si
1197 2522 1363 2557 displiceant,
1382 2522 1433 2547 alia
1455 2521 1568 2547 editione
1587 2522 1704 2548 lubenter
1722 2523 1798 2548 omit-

49 2565 140 2586 temus.
183 2561 222 2587 Re
243 2571 306 2588 vera
327 2563 394 2589 enim
414 2564 520 2590 Codicis
544 2575 595 2592 non
621 2571 672 2599 est,
697 2566 865 2592 recentiorum
892 2565 1082 2591 controversias
1111 2573 1189 2598 agere
1199 2585 1205 2597 ‚
1232 2569 1310 2598 atque
1336 2564 1413 2589 fidem
1443 2565 1498 2597 ejus
1518 2563 1727 2597 infringeremus,
1755 2566 1798 2591 ubi

45 2602 162 2637 'partium
177 2604 286 2631 studiosi
307 2606 482 2633 existeremus.
523 2608 620 2634 Verum
639 2609 682 2635 ubi
702 2607 855 2635 Linnaeana'
872 2609 942 2634 dicta
963 2609 1085 2641 factaque
1105 2608 1138 2633 ab
1161 2607 1255 2641 iniquis
1269 2607 1399 2640 judicibus
1420 2606 1527 2632 mirifice
1545 2607 1660 2640 torqueri
1680 2612 1707 2632 et
1724 2608 1797 2641 quasi

49 2645 138 2671 tironis
156 2646 364 2674 hallucinationes
384 2653 411 2674 et
423 2649 610 2677 incertitudinis
628 2656 768 2686 perpetuos
787 2653 871 2678 fontes
889 2650 978 2676 haberi
996 2650 1112 2682 vidimus,
1134 2654 1229 2675 certo
1247 2650 1410 2675 vindices
1426 2649 1498 2682 ejus
1517 2657 1595 2674 esse
1610 2649 1791 2676 debuimus.

50 2686 144 2722 Neque
161 2688 186 2714 ei
203 2692 287 2716 tamen
307 2691 490 2719 vindicavimus
509 2694 577 2720 aliud
595 2695 671 2729 quid,
692 2694 738 2720 nisi
754 2698 783 2720 ut
796 2695 909 2720 Linuaeo
930 2693 1046 2719 tribuant
1064 2692 1171 2718 similem
1193 2699 1324 2718 censuram
1344 2700 1482 2726 paremque
1496 2691 1623 2725 justitiam
1652 2701 1726 2727 quum
1750 2694 1798 2719 sibi

50 2729 157 2765 quisque
172 2740 188 2757 a
201 2733 312 2766 posteris
329 2738 458 2768 expetant.

1384 2830 1411 2869 (l
