1967 2930
492 720 1360 782 PRAEMONENDA.

81 1088 165 1150 De
182 1123 299 1159 magna
317 1113 446 1148 Codicis
463 1116 638 1148 Linnaeani
660 1116 792 1149 utilitate
814 1126 967 1159 persuaso
995 1118 1080 1161 milii,
1110 1129 1198 1151 usum
1225 1119 1317 1160 hujus
1344 1121 1449 1163 operis
1474 1121 1636 1155 commodo
1662 1123 1760 1156 indice

83 1182 351 1227 expeditissimum
378 1182 533 1226 reddere,
567 1184 650 1215 omni
678 1193 758 1216 sane
785 1194 883 1227 opera
910 1188 1003 1227 atque
1031 1195 1107 1217 cura
1134 1187 1269 1218 maxima
1295 1185 1425 1230 dignum
1451 1188 1550 1220 visum
1578 1193 1627 1222 est
1652 1200 1758 1235 nego-

82 1252 178 1293 tium;
212 1260 270 1283 nee
298 1250 380 1282 mole
408 1252 537 1295 ingente
566 1250 734 1284 deterritus
757 1260 814 1283 nec
842 1261 1017 1296 permagna
1044 1252 1227 1286 difficultate
1258 1257 1399 1287 retentus
1425 1256 1508 1287 omni
1534 1255 1636 1289 studio
1664 1257 1758 1289 labo—

83 1328 150 1351 rem
175 1318 294 1351 hunece
323 1318 607 1361 intricatissimum,
633 1321 666 1351 et
692 1317 920 1362 defatigantem
941 1321 1076 1352 maxime
1104 1324 1135 1353 et
1156 1324 1260 1353 tamen
1288 1331 1410 1354 omnem
1432 1323 1523 1354 animi
1549 1318 1759 1356 adtentionem

83 1386 312 1429 requirentem,
348 1385 564 1418 tantummodo
597 1383 749 1418 scientiae
782 1385 896 1418 ardore
930 1386 1082 1429 impulsus
1108 1388 1244 1431 suscepi.
1294 1388 1330 1420 In
1357 1387 1550 1423 elaborando
1576 1392 1680 1423 autem
1705 1391 1758 1423 in-

82 1453 152 1486 dIce
179 1452 420 1497 diligentissime
448 1456 479 1484 et
506 1453 742 1485 accuratissime
769 1459 933 1497 versatus,
967 1464 1006 1486 ne
1034 1454 1142 1486 vitium
1169 1454 1333 1497 quidquam
1357 1456 1617 1502 committeretur,
1648 1457 1758 1492 sedulo

81 1521 170 1565 cavi,
200 1519 352 1562 ideoque.
389 1524 419 1552 ut
443 1520 564 1552 clavem
592 1520 698 1564 operis
730 1520 919 1564 praeberem
944 1530 1035 1563 quam
1061 1522 1197 1554 maxime
1232 1521 1356 1555 fidelem
1391 1525 1483 1565 atque
1513 1524 1658 1570 plenam,
1691 1525 1760 1569 ipse

81 1588 236 1631 exscripsi
262 1587 397 1619 indicem
420 1589 538 1631 totum,
564 1589 599 1620 ut
621 1598 711 1630 quam
735 1588 870 1620 maxime
892 1587 1036 1632 facilem,
1070 1589 1138 1632 ipse
1159 1591 1263 1623 omnia
1290 1590 1319 1622 in
1347 1589 1488 1623 ordinem
1510 1589 1642 1636 redegi,
1671 1593 1703 1624 et
1725 1594 1760 1624 ut

81 1665 174 1699 quam
199 1655 337 1687 maxime
365 1657 559 1698 correctam,
586 1655 655 1698 ipse
681 1658 732 1688 ter
758 1665 911 1699 quamque
937 1655 1102 1700 plagulam
1126 1657 1260 1690 correxi.

246 1737 394 1783 Recepta
419 1741 494 1771 sunt
523 1739 651 1771 nomina
677 1748 853 1783 generum,
875 1741 1051 1783 specierum
1075 1740 1326 1784 varietatumque
1352 1744 1446 1784 atque
1471 1750 1655 1784 synonyma
1675 1739 1760 1774 Lin-

80 1815 218 1851 naeana,
238 1810 409 1850 praeterea
430 1815 616 1848 synonyma
637 1816 656 1838 a
675 1806 818 1839 Linnaeo
840 1807 935 1839 citata
955 1808 1059 1840 omnia
1081 1811 1145 1840 tam
1166 1808 1391 1849 botanicorum‚
1413 1808 1463 1851 qui
1483 1812 1556 1841 ante
1570 1807 1758 1852 Linnaeum,

80 1883 172 1919 quam
195 1883 325 1917 eorum,
353 1874 402 1916 qui
429 1873 572 1906 Linnaeo
597 1873 725 1907 vivente
751 1874 962 1918 scripserunt,
988 1876 1030 1907 ita
1052 1877 1084 1908 ut
1106 1878 1205 1908 totum
1224 1884 1326 1919 paene
1348 1873 1499 1909 Codicem
1529 1875 1559 1906 in
1583 1874 1679 1907 hocce
1705 1874 1758 1906 in-

79 1941 149 1975 dice
174 1942 207 1974 in
232 1941 408 1974 litterarum
431 1939 573 1974 ordinem
599 1939 781 1984 dispositum
809 1943 960 1985 reperias.

246 2025 393 2060 Omissae
426 2023 550 2068 quidem
583 2027 656 2057 sunt
689 2023 793 2057 solum
822 2023 996 2069 diagnoses
1022 2025 1218 2069 specierum,
1254 2026 1424 2058 trivialium
1454 2024 1611 2058 nominum
1638 2023 1709 2057 loeo
1733 2035 1754 2056 a

80 2093 226 2127 Linnaeo
251 2098 324 2126 ante
348 2091 537 2136 Specierum
569 2092 747 2135 plantarum
780 2091 948 2124 editionem
974 2092 1104 2135 primam
1130 2092 1185 2125 vel
1212 2092 1249 2124 ab
1277 2092 1346 2124 aliis
1375 2092 1578 2136 scriptoribus
1606 2090 1756 2124 botanicis

79 2160 258 2194 Linnaeum
280 2160 340 2192 hac
365 2160 488 2193 ratione
512 2159 630 2192 secutis
662 2157 836 2199 adhibitae,
864 2159 916 2191 ubi
938 2158 1018 2191 tales
1040 2158 1168 2202 plantae
1189 2158 1292 2192 eidem
1314 2159 1446 2204 generi,
1475 2159 1524 2192 cui
1545 2158 1577 2190 in
1595 2156 1659 2190 illis
1684 2156 1757 2190 dia-

59 2228 235 2273 'gnosibus
259 2226 439 2271 adscriptae
467 2230 553 2271 sunt,
579 2227 673 2259 etiam
701 2227 731 2259 in
751 2224 872 2260 Codice
898 2226 1049 2268 subsunt3
1077 2226 1126 2258 sin
1152 2236 1230 2260 vero
1257 2227 1314 2259 sub
1340 2226 1404 2259 alio
1430 2235 1553 2271 genere
1579 2225 1612 2257 in
1637 2222 1758 2259 Codice

80 2297 156 2328 sunt
180 2293 380 2328 evolvendae
405 2294 460 2328 vel
493 2294 544 2328 ubi
573 2294 637 2326 alia
668 2292 780 2327 aderat
813 2303 909 2326 causa
935 2295 1043 2336 justa,
1078 2292 1138 2325 lias
1164 2303 1286 2336 quoque
1312 2292 1484 2338 diagnoses
1510 2290 1602 2325 indici
1626 2291 1756 2334 inserui,

81 2371 124 2395 ne
145 2360 236 2405 qnid,
262 2361 346 2405 quod
371 2361 465 2395 alicui
486 2363 518 2395 in
540 2359 662 2396 Codice
682 2361 830 2395 momenti
854 2370 928 2394 esse
953 2360 1074 2404 possit,
1100 2359 1219 2393 frustra
1244 2360 1276 2392 in
1301 2359 1403 2393 indice
1429 2361 1646 2404 quaereretur.

246 2443 414 2479 Genericis
437 2447 470 2478 et
488 2445 664 2479 trivialibus
685 2445 861 2478 nominibus
883 2443 1061 2488 plantarum
1083 2442 1279 2476 Linnaeanis
1296 2453 1376 2488 opus
1397 2441 1496 2488 illud,
1515 2443 1546 2475 in
1572 2451 1632 2486 quo
1654 2442 1754 2485 primo

81 2523 103 2546 a
127 2511 273 2546 hinnaeo
299 2514 372 2545 sunt
397 2513 581 2558 proposita,
608 2521 670 2557 per
688 2512 865 2546 litterarum
890 2509 1108 2555 compendium
1130 2509 1246 2556 (quam
1271 2511 1310 2544 ob
1334 2520 1413 2557 *rem
1442 2510 1474 2543 in
1501 2507 1620 2544 Codice
1647 2508 1752 2552 pagin.

82 2579 199 2629 XXX.
228 2585 259 2613 et
289 2578 422 2612 XXXI.
450 2577 621 2625 conferas)
646 2589 773 2625 semper
800 2578 975 2623 adpositum
1008 2582 1078 2622 est,
1111 2578 1156 2612 ita
1182 2581 1238 2622 ut,
1265 2578 1297 2610 in
1325 2587 1458 2622 quonam
1490 2585 1586 2619 opere
1605 2575 1753 2616 cujusque

81 2648 212 2694 generis
244 2657 360 2681 nomen
387 2646 489 2691 primo
524 2657 545 2679 a
568 2647 734 2682 Linnnaeo
761 2648 921 2691 receptum
951 2649 984 2679 et
1009 2645 1134 2678 triviale
1166 2647 1317 2688 cujusque
1354 2644 1471 2688 speciei
1502 2651 1615 2675 nomen
1652 2639 1752 2683 primo

84 2714 189 2750 datum
217 2716 272 2760 sit,
297 2715 403 2748 statim
431 2713 552 2748 videas.
