1967 2930
164 85 260 117 XXIV
878 79 912 108 M
915 87 1033 107 osanna
1063 86 1207 106 nnn-oms.

165 168 298 201 singula
321 167 350 191 in
372 166 420 190 his
441 166 573 188 Genera
592 163 635 193 (ut
649 162 707 187 diss.
734 161 766 186 de
788 155 942 191 EricaJde
961 159 1092 193 Hyperico
1114 161 1161 184 etc.
1187 166 1277 191 magna
1295 166 1326 182 ex
1345 156 1446 190 parte.)
1483 156 1556 186 Quae
1578 156 1641 182 adeo
1663 166 1753 191 magna
1775 166 1806 182 ex
1825 161 1899 191 parte

167 213 191 236 in
207 211 274 235 libris
294 207 458 235 sxslcmaticis
475 204 580 230 Linnaei
599 204 713 235 ((ὀιΙιέιέ
733 207 826 228 textum
842 203 1025 236 officientibus)
1045 204 1163 233 receptae
1181 205 1251 228 sunt.
1271 208 1369 233 neque,
1396 198 1526 232 quominus
1548 199 1670 232 reliquam
1685 205 1782 233 partem
1802 201 1898 225 insera-

168 263 235 283 mus,
256 237 347 285 aliquid
370 250 460 274 obstat.
502 246 572 271 Adeo
591 250 618 270 ut
633 247 681 271 hae
699 245 804 270 maxime
825 244 1023 275 dissertationes,
1040 246 1140 276 praeter
1157 242 1329 276 praefationes
1348 249 1441 273 earum,
1461 245 1644 266 commutentur
1662 250 1677 267 a
1696 243 1768 267 nobis
1785 243 1809 267 in
1827 243 1899 268 exilis

167 296 283 321 momenti
304 294 439 325 catalogos.

235 346 295 369 Ons.
330 344 486 375 Ncutiquam
503 341 568 366 inest
587 340 675 365 Codici
688 343 773 364 nostro
793 337 1062 370 Supplementnm
1089 335 1279 369 plantarum
1302 344 1319 360 α
1343 335 1496 359 Linnaeo
1516 333 1603 365 filio
1624 343 1706 359 anno
1727 335 1798 360 1731,
1829 334 1899 359 edi-

167 392 244 417 lum,
264 386 329 418 quod
348 387 424 417 planc
441 385 600 409 diversae
618 383 644 406 in
662 382 771 406 historia
790 380 915 405 bolaniccs
929 379 1060 403 litteraria
1074 377 1214 410 periodo
1232 378 1455 403 adnumerandum
1472 380 1525 406 est,
1553 377 1670 408 quamvis
1688 377 1823 401 schedulas
1837 377 1901 401 Lin-

167 430 225 453 naci
249 428 333 461 patris
357 428 380 451 ci
401 427 495 451 edendo
518 426 647 450 adhibitas·
667 433 733 455 csse,
765 424 839 447 immo
862 421 933 446 haud
952 429 1050 453 paucas
1068 421 1111 450 §§.
1139 428 1193 445 sese
1214 424 1243 446 ut
1261 420 1390 454 genuinas
1412 419 1579 444 Linnaeanas
1595 419 1716 452 prodere,
1740 419 1766 444 in
1778 420 1841 445 zeias
1864 420 1902 445 irc

165 480 280 504 nequeas.
323 470 465 494 Dummodo
479 477 509 493 ca
525 468 609 492 Filius
622 475 672 499 qua
684 474 735 499 par
746 469 803 490 erat
815 465 915 498 pictate
934 463 1088 488 indicasset!

799 576 906 608 ΙΙΙ.
949 572 1270 612 Adhibui,

165 655 196 680 id
216 657 268 679 est
285 654 406 686 ubique
426 650 631 685 comparati,
651 658 680 675 ac
702 648 724 674 si
743 649 801 682 qnid
814 650 846 674 ad
863 648 1009 674 illustranda
1028 647 1128 672 Codicis
1143 647 1295 680 vegetabili-a
1311 646 1341 672 iis
1361 645 1455 671 inesset
1473 645 1561 677 citati,
1585 645 1626 670 vel
1645 647 1757 680 excerpti
1775 647 1795 672 si
1820 655 1900 681 quae-

165 698 221 722 dam
240 698 265 722 in
284 697 312 721 iis
331 695 456 729 prioribus
476 695 545 719 libris
565 694 638 727 plane
657 692 820 716 convenirent
839 696 882 716 ant
906 691 1091 724 descriptiones
1115 690 1237 714 darentur
1261 690 1347 714 melius
1369 694 1395 713 et
1413 689 1565 713 commodius
1590 689 1638 713 hoc
1662 690 1716 715 loco
1740 691 1764 714 in
1791 691 1901 715 editione

165 748 269 774 operum
283 739 481 763 Linnaeanorum
496 736 671 761 collocandae:
686 750 717 753 -
737 733 863 766 reliqui
884 743 898 757 υ
908 741 993 757 mnes
1012 736 1084 757 sunt
1102 733 1181 757 libri
1200 731 1383 757 Linnaeani
1407 731 1444 755 ad
1470 731 1657 756 botanicam
1676 733 1860 758 facientes.

237 783 303 807 Sunt
316 782 338 805 in
360 780 397 804 his
415 780 457 812 qni
478 779 583 804 maxime
602 778 633 803 ad
647 778 749 801 Genera
772 776 927 809 Speciesque
944 775 1102 800 Linnaeanas
1116 775 1279 809 explicandas
1296 775 1390 804 valent,
1409 774 1454 798 sed
1475 774 1555 798 minus
1578 774 1691 799 adhiberi
1705 776 1795 806 solent,
1825 783 1901 809 quum

166 825 273 850 rariores
296 824 359 851 sint„
387 822 427 846 vel
447 830 560 846 sermone
580 820 715 845 vernaculo
735 818 883 851 conscripti.
904 818 944 842 vel
965 818 1093 851 hucusque
1111 819 1219 843 nondum
1233 818 1264 842 ab
1283 817 1413 841 autoribus
1431 817 1557 840 botanicis
1577 817 1674 849 collati,
1695 823 1721 842 nt
1735 818 1784 842 lter
1797 818 1901 851 Lappo-

165 868 262 897 uicum,
282 865 412 899 Epistulae
431 868 480 889 etc.
504 878 535 881 —
559 864 719 896 Fragmenta
739 862 863 894 quaedam
879 870 906 885 cr
922 861 962 885 his
979 861 1065 891 libris,
1090 862 1138 885 huc
1155 860 1314 894 pertinentia
1336 868 1426 884 reuera
1441 860 1565 884 eiusmodi
1584 864 1659 891 sunt,
1683 869 1748 893 quac
1765 861 1854 885 melius
1873 860 1901 885 in

166 911 273 940 Codice,
292 917 368 941 quam
384 908 449 932 alibi
466 908 544 931 Iocum
565 907 712 935 obtineant,
731 909 758 929 ut
776 914 796 929 v.
816 913 835 928 c.
861 904 999 936 descriptio
1017 904 1205 928 Ilalleriae
1222 904 1248 927 in
1268 903 1341 936 epist.
1363 903 1398 927 ad
1413 903 1502 932 Han„
1523 903 1702 927 chrmalis
1727 904 1752 927 in
1775 903 1848 936 epist.
1866 903 1901 927 ad

165 954 252 978 Burm.
279 956 401 982 (utraque
413 950 453 974 ris
466 959 481 974 a
497 950 557 973 Gen.
572 949 608 981 pl.
629 952 697 973 tortu
712 946 873 979 discrepans)
888 950 911 970 et
925 947 1033 977 similia,
1050 947 1089 970 vel
1105 946 1227 979 singulae
1240 945 1303 970 illae
1312 946 1466 978 plantarum
1476 946 1641 971 Succicarum
1657 945 1743 971 breves
1759 953 1901 979 monogra-

164 996 255 1029 plziae,
274 994 377 1027 quaein
392 993 525 1016 itineribus
544 991 654 1015 Linnaci
668 991 780 1015 Succicis
801 990 910 1022 sparsim
928 989 1113 1014 intercurrunt.

233 1044 370 1070 Maxime
391 1044 453 1068 hoc
471 1045 631 1076 respectu
650 1040 849 1065 conserendi
874 1043 972 1065 erant
996 1039 1081 1064 libri
1099 1042 1294 1072 sequentes:

239 1098 260 1122 1.
304 1095 417 1119 Ianst
437 1094 562 1118 Limxffll.
582 1092 704 1117 —Iter
724 1091 943 1116 Oelandicum
963 1095 994 1116 et
1010 1090 1255 1115 Gotlandicum.
1292 1090 1393 1115 Holm.
1422 1090 1494 1116 1745.
1514 1105 1548 1108 —
1566 1090 1638 1115 Iter
1656 1089 1901 1122 Vestrogothi-

167 1147 202 1164 cu
212 1148 242 1163 m.
268 1137 416 1162 Holmiae
431 1137 504 1161 1747.
521 1151 555 1155 —
573 1135 641 1159 Iter
659 1134 843 1159 Scanicum.
869 1133 1024 1159 Holmiae
1039 1134 1111 1159 1751.
1153 1132 1241 1157 Diaria
1257 1137 1315 1157 sunt
1334 1132 1445 1162 Linnaei,
1464 1132 1490 1156 in
1502 1141 1572 1157 usum
1590 1132 1748 1166 popularium
1761 1132 1829 1157 edita
1847 1140 1902 1157 cum

167 1180 385 1207 observationibus
405 1178 579 1204 oeconomicis.
599 1177 811 1210 ethnographicis,
830 1177 958 1201 historiam
977 1176 1084 1201 Sueciae
1103 1176 1241 1200 naturalem
1258 1174 1429 1208 spectantibus
1447 1178 1552 1200 etc.:-—
1570 1176 1650 1200 onmia
1667 1176 1766 1208 quidem
1785 1183 1901 1200 sermone

168 1224 275 1249 Suet-ico
294 1222 445 1254 conscripta.
486 1221 513 1245 ln
535 1221 572 1245 his
595 1221 635 1245 hic
654 1220 712 1250 illic,
732 1220 773 1244 ubi
793 1220 873 1244 rarius
892 1219 1016 1251 quoddam
1039 1219 1166 1251 objectum
1185 1218 1314 1248 naturale,
1337 1227 1361 1243 v.
1387 1227 1409 1243 c.
1433 1218 1520 1251 planta
1545 1218 1626 1242 autori
1653 1218 1839 1248 memorabilis,
1864 1217 1902 1241 in-

167 1271 244 1291 venta
261 1269 327 1295 erat,
348 1265 401 1296 ejus
420 1263 557 1295 diagnosis,
576 1271 717 1295 synonyma
733 1271 763 1286 ac
779 1262 918 1295 descriptio
937 1261 1027 1286 Latino
1046 1261 1191 1294 plerumque
1208 1269 1323 1285 sermone
1341 1261 1482 1292 adduntur,
1501 1260 1559 1285 licet
1572 1261 1647 1285 etiam
1663 1261 1798 1285 vernaculo
1812 1261 1899 1294 plures

166 1310 266 1343 plantae
285 1307 428 1340 descriptae
441 1306 505 1337 sint,
525 1306 582 1338 (sed
600 1306 693 1330 haecce
713 1305 859 1338 plerumque
876 1304 960 1337 fugaci
977 1304 1073 1329 calamo
1088 1307 1114 1327 et
1128 1303 1230 1327 brevius
1248 1303 1444 1335 tantnnnnodo).
1468 1319 1501 1322 —
1528 1303 1637 1336 Sparsas
1658 1303 1702 1327 has
1717 1303 1901 1337 descriptiones

166 1351 309 1384 saepissime
327 1349 352 1374 in
371 1349 452 1374 Floris
471 1349 583 1373 Suecicis
604 1353 629 1373 et
652 1348 792 1382 Speciebus
808 1348 954 1372 Plantarum
973 1346 1113 1371 scribendis
1137 1345 1251 1370 adhibuit
1272 1350 1364 1376 autor,
1391 1346 1454 1371 alias
1472 1348 1541 1370 totas
1564 1345 1604 1370 vel
1626 1350 1759 1378 excerptas
1781 1345 1901 1375 reddidit,

166 1394 228 1419 alias
252 1392 354 1423 citavit,
372 1395 399 1416 ut
418 1392 523 1417 lectores
541 1391 715 1421 consulerent,
736 1390 797 1415 alias
823 1389 1000 1423 praetermisit.
1040 1388 1183 1413 Nonnullae
1206 1397 1235 1413 ex
1253 1389 1290 1413 his
1310 1389 1390 1413 minus
1409 1388 1569 1413 necessariae
1581 1392 1654 1418 sunt,
1674 1389 1733 1421 qnia
1758 1397 1817 1413 non
1836 1397 1872 1422 pr
1880 1388 1901 1412 i-

167 1436 303 1466 mariae,
326 1434 368 1459 vel
389 1434 447 1467 quia
465 1435 513 1459 loci
531 1434 578 1467 ipsi
599 1442 614 1458 a
637 1433 822 1458 recentioribus
847 1432 928 1457 denuo
948 1431 1093 1464 investigati
1112 1435 1187 1456 sunt:
1212 1431 1277 1456 aliae
1295 1436 1382 1456 contra
1406 1431 1586 1461 classicae,
1605 1431 1670 1463 quod
1696 1431 1807 1464 plantam
1830 1431 1900 1465 prin-

167 1479 273 1512 cipalem
291 1478 428 1502 illustrant.
468 1478 556 1510 ltaque
580 1484 629 1500 non
650 1476 790 1509 potuimus,
816 1475 874 1508 quin
895 1475 1058 1500 selectum
1077 1474 1203 1507 quendam
1225 1473 1248 1498 in
1272 1473 1310 1498 his
1329 1473 1416 1498 codice
1438 1476 1524 1498 nostro
1549 1476 1593 1497 aut
1611 1473 1760 1506 recipiendis
1779 1477 1823 1498 ant
1844 1477 1902 1498 tan-

167 1527 220 1547 tum
235 1520 456 1545 conunemorandis
480 1520 661 1544 adhiberemus.
702 1518 776 1548 Quae
799 1526 814 1542 a
835 1518 906 1542 nobis
930 1518 954 1542 in
968 1517 1086 1542 Latinum
1106 1525 1120 1541 e
1135 1516 1245 1541 Suecico
1265 1524 1381 1540 sermone
1400 1524 1490 1540 versae
1507 1520 1573 1547 sunt,
1592 1516 1629 1540 his
1650 1516 1749 1548 linguae
1772 1516 1843 1548 gnari
1863 1516 1903 1540 in-

167 1564 296 1596 dulgeant.
313 1578 347 1582 —
366 1562 463 1586 Extant
479 1562 594 1586 itinerum
613 1569 687 1594 supra
706 1560 831 1585 dictorum
856 1560 987 1585 versiones
1004 1559 1187 1590 Germanicae,
1205 1568 1220 1584 e
1231 1558 1320 1592 quibus
1336 1558 1537 1583 Schreberianae
1557 1559 1666 1592 optimae
1682 1560 1799 1592 fidaeque
1813 1563 1839 1583 et
1854 1567 1901 1591 pa-

168 1607 234 1640 ginis
253 1605 369 1630 editionis
387 1604 510 1629 Snecicae
531 1608 634 1635 auctae,
654 1606 683 1627 ut
706 1611 799 1627 summa
813 1603 934 1627 facilitate
956 1603 1142 1627 adhibeantur:
1162 1601 1242 1626 minus
1260 1601 1283 1625 id
1301 1601 1327 1625 in
1342 1600 1444 1633 reliquis
1464 1601 1543 1626 locum
1558 1602 1643 1626 habet.
1685 1602 1769 1626 Extra
1793 1602 1901 1626 Germa—

168 1650 234 1675 niam
253 1656 314 1672 vero
335 1651 361 1671 et
374 1647 490 1671 Sueciam
505 1647 547 1671 vix
566 1647 713 1679 frequenter
728 1646 940 1670 consulumue-
957 1645 979 1670 L
989 1646 1039 1670 oci
1057 1644 1193 1669 natales
1212 1653 1243 1668 ex
1266 1643 1398 1667 itineribus
1411 1652 1461 1668 non
1473 1644 1505 1668 ad
1523 1644 1643 1675 codicem,
1657 1652 1745 1669 verum
1758 1644 1788 1668 ad
1803 1644 1902 1668 Floram

170 1691 303 1717 Suecicam
318 1698 333 1714 a
356 1689 461 1713 Linnaei
478 1689 576 1713 editore
595 1688 755 1722 comparandi
774 1692 863 1719 erunt,
888 1688 912 1712 id
937 1687 1005 1721 quod
1024 1691 1077 1712 tum
1100 1687 1155 1720 ipse
1178 1686 1323 1719 saepissime
1347 1686 1409 1710 fecit
1432 1686 1475 1719 L.‚
1502 1690 1555 1712 tum
1573 1687 1786 1718 Wahlenbergms
1812 1686 1835 1711 in
1858 1694 1903 1710 sua

169 1734 247 1759 Flora
259 1731 366 1757 Suet-ica
385 1731 516 1764 diligenter
543 1731 660 1764 perfecit.
700 1730 739 1755 Ibi
764 1738 864 1763 quoque
889 1731 989 1764 saepius
1008 1730 1084 1755 dubia
1108 1729 1281 1754 botanicornm
1300 1728 1462 1753 Suecicorum
1489 1729 1615 1755 audienda
1639 1734 1728 1759 ernnt;
1759 1737 1813 1753 nam
1838 1728 1904 1753 haud

169 1785 228 1802 raro
246 1775 333 1808 planta
355 1774 506 1806 Systematis
526 1774 605 1798 minus
625 1773 700 1798 dubia
719 1776 774 1804 est,
793 1781 868 1806 quam
886 1773 955 1799 locus
967 1773 992 1798 in
1012 1772 1148 1798 Itineribus
1172 1772 1283 1796 Florave
1302 1771 1410 1796 Suecica
1432 1771 1570 1797 indicatus!
1583 1786 1617 1790 —
1652 1771 1746 1796 Similis
1769 1771 1844 1805 plane
1859 1779 1903 1796 ra-

168 1819 203 1844 tio
228 1821 303 1849 atque
323 1817 410 1841 horum
430 1816 561 1848 itinerum⁷
581 1819 619 1840 est
637 1816 784 1841 Itineris
811 1816 1002 1850 Lapponici
1028 1815 1207 1848 (Lachesis
1231 1815 1431 1847 Lapponica
1454 1815 1498 1839 ed.
1529 1815 1646 1840 Smith.
1671 1815 1773 1840 Lond.
1797 1815 1902 1848 1811.)‚

170 1860 244 1886 diarii
261 1858 398 1884 Linnaeani
412 1878 419 1890 ,
444 1859 511 1892 quod
529 1858 620 1892 partim
638 1859 788 1890 vernaculo,
809 1858 902 1892 partim
918 1858 1008 1883 Latino
1028 1866 1144 1882 sermone
1163 1857 1331 1890 conscriptum
1350 1857 1451 1882 tandem
1466 1857 1601 1890 aliquando
1621 1866 1636 1882 a
1654 1857 1778 1890 Smiffiio,
1797 1857 1841 1882 sed
1858 1865 1903 1891 pro

170 1903 257 1928 dolor!
283 1902 380 1934 anglico
409 1905 505 1926 tantum
528 1909 643 1926 sermone
670 1901 855 1934 promulgatum
879 1898 935 1926 est.
966 1900 1055 1926 Insunt
1074 1900 1245 1933 cujuscunque
1279 1899 1380 1932 generis
1410 1899 1648 1925 observatiunculae
1671 1908 1686 1924 a
1711 1899 1906 1933 peregrinatore

169 1946 268 1976 sactae,
288 1953 301 1968 e
319 1943 410 1977 quibus
425 1943 559 1968 botanicae
576 1952 678 1977 quoque
696 1944 762 1968 haud
778 1952 853 1968 rarae
864 1947 891 1967 et
909 1951 925 1967 a
942 1943 1013 1967 nobis
1031 1947 1204 1976 comparatae3
1223 1942 1268 1967 sed
1285 1951 1313 1967 re
1333 1951 1396 1967 vera
1412 1942 1550 1977 pleraeque
1563 1946 1701 1976 propterea
1711 1942 1793 1967 minus
1811 1951 1903 1967 memo-

170 1988 275 2019 rabileS,
293 1987 359 2020 quod
372 1987 425 2019 jam
443 1986 469 2011 in
488 1987 564 2011 Flora
576 1985 724 2019 Lapponica
743 1990 768 2010 et
782 1985 920 2011 serioribus
939 1985 1015 2010 etiam
1033 1985 1151 2019 operibus
1168 1993 1183 2010 a
1201 1985 1230 2010 L.
1252 1985 1393 2011 luculenter
1408 1985 1537 2010 adhibitae
1552 1985 1614 2011 sint.

240 2046 354 2071 ῘΊἹΜῑιϊΑ
371 2053 569 2070 DISCIPULORUM
587 2055 602 2068 a
621 2049 715 2069 Limmea
741 2048 815 2078 editu³
834 2054 908 2075 nempe
927 2048 1102 2075 Loefliugyii
1127 2049 1187 2069 iter
1206 2049 1407 2075 Hispanicum
1419 2051 1439 2070 ct
1463 2049 1685 2075 Hasselquistu'i
1708 2049 1771 2068 iter
1796 2049 1904 2069 Palae-

172 2085 301 2107 stinam,
325 2084 380 2103 inter
403 2088 470 2108 opera
491 2083 720 2103 Linnueirecensenda
746 2089 803 2103 uon
826 2085 888 2107 sunt,
915 2083 1009 2108 exceptis
1032 2083 1253 2104 animadtersionibus
1278 2084 1313 2103 ln’c
1342 2084 1388 2103 illic
1415 2084 1505 2110 parcius
1527 2083 1555 2102 ab
1581 2083 1662 2103 edituro
1686 2082 1784 2108 adjecus.
1832 2083 1905 2109 Neque

172 2119 226 2138 enim
243 2118 338 2143 tunquam
357 2122 382 2136 ra
405 2117 501 2140 ratione,
529 2122 571 2142 qua
590 2117 686 2142 propria
705 2116 792 2140 diaria,
811 2116 911 2137 adhibuit
926 2122 950 2137 ea
970 2117 990 2136 ῐιι
1011 2117 1132 2137 scribendis
1151 2117 1215 2137 libris
1232 2118 1391 2144 systematiciu
1409 2124 1482 2138 rerum
1503 2116 1565 2137 modo
1583 2117 1661 2137 citarit
1684 2119 1705 2137 ct
1722 2117 1757 2137 laic
1778 2116 1904 2143 recipienda

173 2158 198 2172 ex
219 2152 245 2172 iis
267 2151 363 2176 recepit.
383 2150 444 2169 mado
460 2156 508 2169 rer«)
524 2151 591 2176 plane
607 2151 754 2176 praetcrnu'sil
771 2151 855 2171 Genera
874 2151 989 2177 Spccicsrc
1006 2153 1044 2171 aut
1066 2151 1229 2172 Obserrationcs
1250 2152 1428 2177 Dsscijndmum,
1449 2152 1512 2178 quasi
1532 2151 1600 2177 plane
1624 2157 1665 2171 non
1679 2151 1797 2171 existerent.
1844 2151 1903 2171 Hinc

171 2193 192 2206 v.
214 2191 233 2205 c.
249 2185 323 2211 plures
338 2185 428 2210 plantae
449 2184 612 2210 Lnrssiuyianae
633 2185 736 2210 hodieque
755 2185 880 2211 inrofflu'tac
899 2187 961 2208 sunt,
991 2187 1011 2205 et
1031 2186 1087 2206 miro
1110 2185 1173 2206 niodo
1197 2192 1211 2205 a
1232 2186 1397 2206 Recentioribus
1419 2186 1542 2211 amiatae,
1566 2186 1602 2205 vel
1618 2185 1686 2205 multo
1704 2185 1772 2205 serius
1794 2185 1826 2208 (v.
1845 2190 1865 2206 c.
1889 2190 1904 2205 a

175 2220 278 2243 Bruma)
298 2219 416 2238 restitutur.
441 2228 467 2232 —-
507 2218 553 2238 Nos
570 2220 681 2243 utrumque
700 2220 742 2238 iter
759 2221 863 2239 accurate
881 2219 1024 2243 contulimus,
1052 2220 1165 2240 citavimus
1186 2219 1223 2239 ubi
1249 2219 1340 2240 citanda
1358 2220 1495 2243 viderentur,
1515 2222 1578 2244 atque
1599 2218 1668 2239 sicubi
1688 2225 1702 2239 a
1722 2219 1820 2239 Limnaeo
1839 2219 1904 2245 quasi

173 2254 216 2274 loci
234 2253 337 2278 primarii
353 2252 511 2275 laudarentur,
528 2253 577 2272 lunc
590 2252 649 2272 ΙιιιιιιΙ
663 2258 716 2273 raro
736 2253 801 2273 ceiam
816 2253 970 2279 excerpsimus,
991 2253 1028 2274 sed
1045 2254 1115 2280 mayis
1134 2255 1157 2274 ul
1174 2254 1251 2274 lectori
1262 2254 1414 2279 placeremus,
1435 2260 1500 2280 qutun
1520 2253 1576 2280 quod
1596 2258 1621 2273 ea
1632 2253 1683 2279 jure
1699 2252 1772 2274 codici
1792 2252 1903 2273 inserenda

173 2287 372 2307 existimaverimus.

241 2334 265 2359 2.
307 2332 459 2357 Emsromss
477 2331 595 2356 mem
613 2333 754 2366 permultae
771 2335 874 2366 extant,
901 2342 1007 2367 quarum
1024 2334 1106 2360 minor
1131 2334 1302 2360 tantummodo
1322 2342 1382 2368 pars
1401 2333 1485 2358 adhuc
1509 2333 1670 2367 promulgata
1693 2334 1740 2358 est.
1791 2332 1904 2358 Maxime

175 2376 201 2401 in
219 2375 258 2400 his
276 2374 448 2400 memorabiles
467 2382 529 2407 quas
551 2374 630 2400 edidit
646 2376 814 2401 Hallerus
842 2377 915 2402 1773.
946 2378 978 2410 (α
996 2378 1102 2403 Stiioero
1123 2386 1228 2403 recusae
1245 2380 1270 2402 et
1289 2387 1306 2403 a
1323 2377 1436 2402 Smithio
1460 2376 1594 2410 anglice),
1613 2379 1640 2400 et
1661 2383 1724 2408 qnos
1744 2383 1803 2400 van
1826 2375 1905 2401 Han

175 2419 264 2451 (epist.
283 2417 352 2442 ined.
372 2417 406 2441 ad
424 2417 565 2442 Burmann.
587 2421 631 2442 etc.
675 2419 800 2451 Groning.
821 2419 919 2451 1830),
938 2423 964 2444 et
979 2428 1043 2453 quas
1058 2419 1220 2445 Vandelli
1240 2421 1313 2446 1788.
1341 2420 1434 2452 (rocus.
1459 2420 1487 2444 in
1506 2419 1601 2443 Riimer
1617 2419 1706 2450 script.
1724 2418 1790 2451 hisp.
1805 2419 1906 2451 1796.).·

175 2463 309 2494 praeterea
333 2466 396 2483 vero
419 2466 481 2491 quas
505 2459 629 2490 Smith,
654 2459 795 2494 LUders,
819 2460 1000 2494 Afzelius,
1024 2462 1160 2494 Agardh
1182 2462 1276 2495 aliique
1296 2461 1389 2496 publici
1410 2461 1474 2494 juris
1492 2461 1617 2487 fecerunt.
1639 2474 1673 2479 —-
1702 2460 1906 2486 pretiosissimae

174 2510 260 2527 omnes
277 2504 349 2530 sunt,
366 2500 472 2525 maxime
490 2501 590 2533 quando
610 2509 663 2526 rem
680 2507 824 2528 nascentem
842 2503 983 2536 illustrant,
1001 2505 1055 2536 (uti
1075 2513 1106 2529 ea
1119 2513 1186 2537 quae
1201 2506 1232 2530 ele
1246 2506 1384 2530 Dracaena
1402 2513 1457 2528 cum
1471 2504 1606 2529 Vandellio
1628 2504 1684 2537 egit
1698 2503 1756 2535 L.),
1773 2503 1815 2528 vel
1828 2511 1904 2537 quum

173 2545 354 2575 demonstrant,
379 2540 504 2575 quomodo
528 2543 570 2567 alii
592 2543 673 2577 ipsum
694 2546 824 2578 confusum
842 2545 975 2570 redderent
993 2547 1035 2579 (ut
1056 2547 1083 2572 in
1099 2547 1215 2572 Ononidc
1230 2547 1346 2580 capcnsi)
1366 2547 1407 2572 vel
1419 2547 1576 2579 corrigerent
1594 2546 1637 2579 (ut
1654 2547 1681 2571 in
1704 2546 1907 2579 ls'achendovfioe

174 2586 288 2618 villosa).
330 2584 384 2609 Sed
401 2588 476 2609 caute
496 2584 652 2611 adhibendae
669 2588 740 2613 sunt!
762 2589 861 2613 Talis
879 2589 964 2614 enim
984 2591 1174 2615 censendus
1198 2593 1247 2615 est
1271 2589 1460 2620 timaeus,
1485 2590 1615 2622 qualem
1642 2597 1713 2614 sese
1738 2597 1906 2623 censurae

177 2638 191 2655 ο
199 2630 212 2654 b
220 2632 231 2654 t
240 2637 256 2653 u
264 2629 272 2653 l
281 2628 310 2653 it
335 2627 367 2652 in
391 2636 429 2660 op
437 2636 450 2652 e
457 2636 470 2652 r
479 2627 508 2651 ib
517 2636 533 2652 ιι
540 2635 552 2652 s
577 2628 602 2652 E
610 2637 626 2652 u
634 2637 647 2652 r
656 2638 670 2654 o
677 2637 694 2661 p
703 2638 718 2654 a
726 2638 739 2654 e
764 2634 773 2655 t
782 2639 795 2654 r
805 2639 820 2654 a
828 2631 844 2655 <1
854 2631 917 2656 itis
925 2650 932 2662 ,
957 2640 1004 2657 nec
1029 2640 1090 2657 vero
1106 2633 1209 2665 qualem
1233 2641 1259 2658 se
1274 2632 1402 2666 privatim
1417 2632 1536 2665 prodidit
1557 2632 1739 2665 familiaribus
1763 2632 1905 2665 colloquiis,

176 2671 290 2705 epistolis
305 2669 448 2702 diariisqne
464 2670 560 2702 raptim
577 2671 737 2704 conscriptis,
761 2673 910 2698 herbarioue
920 2673 1020 2706 fallaci
1032 2677 1057 2699 et
1071 2674 1202 2699 mutabili.

243 2730 269 2755 3.
307 2729 530 2754 Paratum-muns
550 2736 579 2753 m
598 2737 712 2754 onnmsss
734 2738 891 2756 aerumnas
906 2740 1081 2765 cunnum,
1100 2742 1115 2759 a
1133 2733 1246 2759 Linnaeo
1265 2742 1331 2759 anno
1347 2734 1422 2761 1762.
1444 2743 1530 2760 coram
1547 2733 1707 2760 Fabricio
1731 2732 1836 2766 aliisque
1848 2731 1903 2758 dis-

181 2771 273 2806 cipulis
285 2771 404 2802 habitae,
425 2773 452 2795 et
475 2778 540 2796 anno
561 2772 634 2798 1771.
658 2780 743 2798 coram
764 2773 908 2801 Gisekio
925 2776 1069 2809 repetitae,
1088 2776 1120 2802 ab
1135 2776 1184 2802 hoc
1201 2776 1256 2802 viro
1273 2785 1304 2802 ex
1324 2780 1433 2811 utroque
1446 2776 1617 2811 manuscripto
1638 2776 1724 2809 editae
1742 2779 1800 2802 sunt
1812 2775 1906 2801 Ham-
