1967 2930
173 98 194 129 4
778 88 1007 118 Pnasranoses
1034 87 1244 117 Lamnum.

212 180 252 204 24.
273 179 419 203 Pnouzrsis
437 176 502 201 sistit
514 174 747 208 metamorphoseos
760 173 905 199 Plantarum
919 174 1013 204 myste-

178 213 253 243 rium,
273 221 320 245 quo
347 212 449 236 Herbae
470 210 571 234 Larva
589 213 700 234 mutetur
719 209 743 233 in
765 208 924 233 Declaratam
947 207 1013 231 Fru-

178 247 367 272 ctificationem:
388 245 491 269 Plantae
505 243 567 267 enim
586 248 625 267 est
643 242 783 276 producere
797 242 837 266 vel
849 242 961 267 Herbam
973 241 1014 265 so-

177 281 277 309 liosam,
296 279 335 303 nel
351 278 424 302 etiam
444 278 507 302 Fru
518 277 715 302 ctification
726 285 776 302 em.

210 315 314 339 Foticn
341 312 471 343 germinum
490 320 586 344 semper
604 311 627 335 in
646 311 699 335 sinu
718 312 787 335 fovet
806 309 877 334 Rami
895 308 1013 341 multipli-

176 349 258 374 cantis
277 346 434 380 principium,
460 345 514 369 sive
533 349 606 376 actu,
624 345 678 369 sive
697 345 805 379 potentia
826 344 891 373 tale;
910 351 1014 374 cumque

175 383 273 407 Folium
290 382 322 405 sit
343 384 427 404 natum
444 380 475 404 ob
493 379 563 413 liujus
579 387 705 404 caussam.
728 387 774 403 nec
790 378 909 407 vicissim,
928 376 1014 408 nequit

175 417 284 441 existere
307 414 418 442 Folium.
444 413 490 437 nisi
512 414 558 437 hoc
584 413 729 445 principium
751 411 916 445 perforaverit
941 415 1015 434 antea

176 450 303 478 corticem,
317 457 330 472 e
343 456 392 480 quo
408 452 489 472 ortum
501 452 548 478 est,
562 447 621 471 licet
633 447 738 472 css’ectus
753 451 810 471 ante
826 454 894 470 suam
903 452 1015 469 caussam

175 484 328 509 manifestus.

211 518 311 541 Gnmu.
329 515 437 549 genuina
454 518 492 540 est
510 514 581 539 Rami
600 515 675 539 futuri
696 514 882 547 compendium,
900 513 924 537 in
944 520 1015 545 quem

175 551 273 576 demum
289 550 462 583 explicabitur.
493 550 598 574 Gemma
613 557 709 582 semper
721 554 817 573 constat
829 548 956 580 Sqimmis,
975 551 1016 570 to—

177 586 252 610 tidem
280 585 406 609 Foliorum
429 583 586 613 rudimentis,
613 584 743 607 etiamnum
768 584 797 615 (a
822 582 904 605 sumi-0
922 580 1015 604 ramulo

176 619 285 644 nondum
316 618 455 650 elongato)
483 617 667 650 approximatis.
715 618 826 648 Cumque
857 615 929 639 Folia
962 614 1016 638 sine

177 654 282 678 Gemma
295 653 404 677 existere
417 656 550 684 nequeant,
569 660 668 675 necesse
681 657 728 681 est,
746 650 811 683 quod
822 650 925 673 Gemma
940 648 1017 672 lateat

176 687 202 712 in
216 687 270 712 sinu
283 686 392 718 cujusxis
405 694 521 718 squamae
539 694 704 717 gemmaceae,
719 685 881 708 confirmante
893 682 1016 714 autopsia,

176 721 290 754 adeoque
311 720 396 753 nequit
413 720 489 744 omnis
509 719 613 743 Gemma
626 719 690 743 aliud
711 727 780 743 esse.
805 725 875 750 quam
894 724 983 748 corpus
1001 724 1015 739 a

177 755 242 780 soliis
261 759 287 779 et
300 754 426 787 gemmulis
440 754 607 786 compositum.
635 753 754 785 Sequitur
769 752 864 783 itaque,
879 750 944 783 qnod
963 758 1015 774 om—

176 790 214 814 nis
228 790 332 813 Gemma
351 792 447 812 constet
460 787 536 811 Foliis
556 795 609 811 cum
627 787 676 810 suis
690 786 825 810 Gemmulis
840 790 865 809 et
879 786 923 809 bae
939 785 1015 808 Gem—

176 824 261 849 mulue
277 823 389 847 similiter
407 830 437 846 ex
455 821 587 845 minoribus
606 821 713 852 squamis
732 824 757 844 et
775 819 915 851 gemmulis,
935 822 960 842 et
978 818 1014 842 sic

176 866 252 891 porro
272 865 349 889 usque
367 856 391 880 in
410 856 518 888 quintam
538 855 679 888 progeniem
699 855 740 886 (ut
758 854 782 878 in
800 854 942 883 Veli-oco),
968 861 1014 876 nec

177 892 256 922 ultra,
281 890 442 914 confirmante
466 889 664 921 metaincrplzosi.
708 889 778 919 Ergo
798 888 892 912 Ramus
912 887 1014 911 foliosus

177 925 317 959 praesentis
335 924 407 955 anni,
426 924 509 947 foetus
521 923 553 947 sit
571 922 670 946 ramulis
688 923 799 946 omnibus
818 930 863 954 per
875 922 1014 953 quinquen-

176 960 246 984 nium
264 958 414 993 prodituris.
433 956 622 981 succedentibus
641 965 737 989 semper
757 956 826 980 novis
843 955 874 979 ad
888 961 1013 979 extremos

177 994 275 1027 apices,
302 993 326 1016 in
350 991 535 1019 defolistorum,
560 990 590 1015 ad
616 991 699 1018 basin,
725 991 818 1020 locum,
845 994 873 1013 ut
898 996 1013 1013 numerus

177 1027 290 1061 quinariu
329 1029 458 1059 perennet.
503 1025 559 1050 Hoc
577 1024 606 1048 fit
628 1025 652 1048 in
672 1025 822 1054 Arboribus,
847 1023 888 1048 ubi
907 1023 1013 1047 medulla

177 1067 308 1087 moratura
320 1060 413 1084 duriori
422 1058 663 1090 s=1bstantialignea3
679 1059 703 1082 in
712 1059 812 1083 l'lontis
822 1057 908 1082 annuis
922 1062 1012 1087 autem,

177 1096 221 1120 ubi
244 1095 322 1120 minor
344 1093 486 1118 resistentia
507 1092 620 1125 corporei
642 1093 740 1116 laxioris
766 1100 853 1116 versus
876 1091 1012 1121 medullam,

177 1130 247 1154 valet
264 1130 326 1154 haec
344 1127 457 1152 brevius.
477 1128 570 1159 absque
589 1135 656 1150 mora
673 1135 815 1157 gemmacea
830 1126 897 1150 exire
913 1126 937 1149 in
954 1126 1014 1150 Flo-

177 1172 235 1191 res:
252 1163 416 1195 quodcunque
432 1161 495 1185 enim
508 1160 575 1184 valet
588 1161 770 1193 propnlsionem
784 1160 911 1185 Medullae
922 1167 1014 1191 augere

177 1203 205 1222 et
221 1197 367 1222 inclusivam
387 1195 434 1220 vim
446 1195 569 1228 Corporei
586 1195 730 1227 debilitare,
743 1195 767 1219 id
781 1194 940 1228 promovebit
954 1194 1014 1219 Flo-

176 1231 333 1258 rescentiam.

211 1266 324 1291 FLonssu
342 1264 398 1289 dum
414 1263 538 1297 producat
554 1264 644 1296 Arbor,
662 1263 762 1288 Natura
781 1263 926 1297 anticipabit
943 1263 1014 1296 quin-

177 1308 226 1333 que
244 1308 360 1324 annornm
380 1299 525 1331 progenies,
545 1298 615 1323 simul
631 1303 682 1322 tum
704 1298 860 1331 prodituras,
885 1298 1014 1323 formando

178 1344 193 1359 e
210 1334 274 1359 soliis
292 1333 440 1366 gemmaceis
459 1333 534 1356 futuri
560 1332 617 1356 anni
635 1333 772 1362 Braclffls,
793 1333 919 1365 sequentis
936 1333 1014 1364 Coly-

177 1377 244 1399 cem,
262 1367 413 1400 insequentis
434 1367 569 1396 Comllam,
589 1367 763 1398 consequentis
781 1367 908 1394 stamina,
927 1367 1015 1391 subse-

177 1403 276 1435 quentis
290 1402 434 1430 pistillum,
458 1402 578 1425 refertum
595 1400 707 1426 Medulla
727 1401 860 1435 granulata
876 1403 1015 1433 Sentinum,

176 1437 282 1462 termino
300 1436 368 1461 vitae
385 1435 536 1468 vegetantis.

211 1479 252 1505 25.
276 1479 478 1504 anssscssmm
511 1478 577 1503 sistit
604 1478 750 1504 Plantarum
777 1478 963 1512 Sponsalia
989 1478 1013 1503 in

177 1514 267 1546 Flore,
295 1514 342 1545 (cf.
366 1513 498 1546 Sponsalia
520 1513 667 1546 plantarum.
691 1514 745 1538 Am.
771 1521 810 1539 ac.
828 1515 851 1539 1.
874 1521 898 1538 n.
917 1513 971 1546 12.)
990 1517 1016 1538 et

177 1547 318 1581 Nuptias
336 1547 361 1572 in
378 1547 491 1573 Anthesi.

212 1589 302 1617 Flos,
329 1596 393 1613 exuta
406 1593 489 1613 Hcrhae
504 1594 585 1618 Larva,
604 1593 676 1619 prodit
689 1594 765 1613 Planta
779 1593 886 1613 declarata
896 1609 901 1618 ,
922 1594 1014 1618 interna,

179 1627 237 1648 nude
250 1630 271 1647 et
287 1627 381 1653 pei-serta
398 1628 465 1647 instar
484 1629 560 1647 Insecti
579 1628 656 1652 alligati
678 1628 803 1647 volitantis:
824 1628 958 1653 Colroptrali
975 1628 1013 1648 Ca-

180 1663 243 1688 lyce,
259 1662 321 1681 Alam·
339 1661 428 1686 foruna,
446 1664 564 1682 constantis
582 1662 634 1681 solis
653 1661 772 1681 Visceribus
790 1662 938 1681 Genitalihus:
954 1663 1013 1682 Mus-

179 1696 234 1716 entis
250 1696 376 1715 staminibus
389 1702 417 1715 ex
434 1696 536 1715 Antlieris
555 1695 735 1720 Teslicnlnrihns,
753 1697 840 1721 repletis
856 1696 938 1715 Polline
957 1697 1012 1722 yeni-

180 1730 236 1753 tali,
257 1730 380 1749 continente
400 1730 507 1750 Fovillam
531 1730 686 1754 vivificantem,
711 1732 733 1750 et
754 1730 855 1750 Femineis
878 1730 966 1750 Pistillis
984 1735 1013 1749 ex

181 1764 287 1784 Geminis
304 1764 394 1787 orario,
414 1766 525 1784 terminato
543 1764 646 1789 stigmate
663 1764 781 1789 vulvisem,
805 1766 864 1784 tecto
879 1763 935 1790 pube
952 1765 1012 1784 tubu-

179 1798 239 1822 lusa,
256 1797 369 1818 resudante
384 1798 505 1825 Lympham
521 1798 639 1825 yenitalcm.

214 1840 306 1861 Anthe
314 1841 356 1860 sis
378 1842 499 1867 peragitur,
529 1842 577 1861 dum
598 1841 705 1861 Autherae
728 1843 802 1867 ruptae
825 1843 927 1867 spargunt
951 1846 1014 1861 suum

180 1875 255 1896 Pollen
269 1875 387 1895 resiculare
407 1881 473 1901 supra
492 1875 586 1901 stigma,
608 1882 650 1901 quo
664 1875 721 1894 esssat
739 1875 779 1895 hoc
794 1876 896 1895 inclusam
911 1875 1012 1895 Fovillaru

180 1909 309 1933 masculam,
329 1909 480 1929 absorbendam
498 1916 510 1929 a
522 1910 618 1935 Lympha
632 1910 718 1934 genitali
735 1909 825 1929 feminea
841 1909 970 1933 resudante,
989 1911 1013 1929 ut

179 1948 305 1968 corporeum
317 1944 432 1963 masculum
452 1944 525 1964 addito
538 1944 636 1963 Femineo
657 1943 766 1963 medullari
779 1943 879 1963 conficiat
899 1950 973 1968 otum,
990 1944 1013 1964 in

177 1977 257 2004 justam
279 1978 420 1997 maturitatem
432 1978 545 1998 sus-endum
558 1979 613 1998 intra
628 1978 735 1997 Ovarium.

213 2016 254 2041 26.
279 2015 440 2042 anctmmu
462 2017 690 2050 Frucfificafionis,
712 2017 910 2043 Fundamentum
932 2017 1014 2043 Bota-

180 2049 264 2081 nices,
288 2054 327 2074 est
346 2050 420 2076 altius
441 2052 613 2085 repetendum.

212 2091 373 2117 Pnoncssnu:
393 2094 526 2127 Supponas
547 2103 574 2120 1).
593 2103 618 2120 o.
631 2103 654 2120 o.
673 2094 698 2119 in
715 2094 849 2128 primordio
873 2104 888 2120 e
911 2094 1015 2128 simplici

180 2133 340 2158 progressum
362 2127 394 2151 ad
416 2129 572 2162 composita3
594 2138 608 2153 e
627 2129 714 2162 paucis
735 2129 766 2153 ad
789 2130 877 2162 plura!
901 2129 1015 2162 adeoque

180 2168 197 2184 a
215 2160 293 2192 primo
317 2160 455 2193 vegetabili
479 2162 619 2195 principio,
643 2167 683 2187 tot
705 2167 799 2188 tantum
821 2172 920 2188 creasse
943 2163 1015 2196 plan-

181 2198 222 2217 tas
234 2193 356 2225 diversas,
379 2200 440 2227 quot
451 2197 583 2221 ordines
600 2196 790 2222 Naturales.
824 2197 880 2222 Has
902 2198 1015 2222 ordinum

181 2227 281 2261 plantas
300 2227 381 2252 Iesum
404 2229 462 2254 dein
484 2230 521 2254 ita
541 2231 607 2255 inter
629 2239 657 2255 se
674 2231 816 2263 generando
834 2231 969 2262 miscuisse,
987 2235 1016 2255 ut

181 2261 284 2286 totidem
301 2262 457 2287 exorirentur
469 2264 578 2296 plantae,
602 2269 663 2297 quot
682 2265 756 2289 hodie
772 2265 888 2290 distincta
905 2266 1017 2290 existunt

183 2295 321 2320 Genera.
350 2295 474 2322 Naturam
492 2298 548 2322 dein
568 2298 706 2323 Genericas
722 2299 767 2323 has
783 2300 892 2332 plantas,
912 2308 958 2332 per
969 2308 1017 2331 ge-

182 2329 327 2354 nerationes
349 2331 492 2363 ambigenas
518 2333 596 2365 (quae
619 2337 768 2357 structuram
790 2333 862 2358 floris
887 2342 936 2358 non
962 2342 1018 2358 rnu-

182 2364 251 2396 tant)
271 2362 336 2388 inter
347 2372 375 2388 se
387 2365 513 2390 miscuisse
530 2372 555 2389 et
566 2366 744 2399 multiplicasse
756 2367 780 2391 in
803 2368 941 2399 Species
963 2367 1018 2392 exi-

181 2401 300 2428 stentes,
323 2401 448 2430 quotquot
471 2399 602 2432 possibiles
615 2419 622 2430 ,
647 2400 754 2425 exclusis
776 2405 859 2425 tamen
879 2410 894 2426 e
915 2410 1018 2426 numero

181 2430 342 2464 specierum,
371 2433 403 2456 ab
431 2433 550 2464 ejusmodi
574 2434 738 2466 generatione
763 2435 893 2468 productis
920 2435 1018 2461 Planus

181 2465 319 2498 hybrida,
337 2470 427 2498 utpote
441 2467 576 2492 ster-ilibus.

215 2507 330 2532 Genus
347 2507 433 2539 itaque
451 2517 522 2533 oume
533 2513 573 2534 est
591 2510 714 2542 naturale,
737 2511 899 2536 confirmante
918 2514 1018 2544 natura,

181 2540 271 2567 saltum
289 2549 337 2566 nou
355 2542 472 2568 faciente.

217 2583 402 2608 Chai-noter
420 2593 481 2617 ergo
500 2593 550 2610 non
572 2586 709 2611 constituat
727 2595 842 2620 umquam
861 2596 955 2620 genus,
973 2588 1019 2613 sod

182 2617 269 2644 sedulo
293 2618 429 2644 secundum
447 2620 536 2644 Genus
552 2624 658 2644 naturae
675 2621 843 2646 conficiendos
859 2626 906 2647 est.

216 2659 358 2685 Plantae
381 2669 534 2694 congeneres
552 2665 610 2688 sunt
634 2662 718 2695 quoad
740 2672 818 2695 genus
835 2663 1019 2696 dignoscendae

183 2703 199 2718 e
216 2693 303 2729 planta
326 2694 473 2726 declarata,
495 2703 551 2720 cum
568 2696 698 2728 generatio
717 2697 848 2730 ambigena
866 2698 961 2724 illibata
975 2708 1019 2724 re—

182 2728 279 2761 linquat
297 2728 320 2753 F
323 2728 542 2760 ructificationem3
560 2730 605 2754 sed
621 2730 810 2763 distinguendae
830 2732 856 2757 in
874 2733 960 2765 specie
976 2741 1019 2758 se-

180 2761 290 2823 gont-lgm
305 2762 417 2790 Herbam
436 2771 452 2789 a
469 2763 544 2790 sociis
562 2764 706 2798 sororibus,
734 2765 834 2792 diverso
859 2770 934 2801 patre
957 2776 1019 2801 pro-

200 2804 230 2822 uc
264 2814 272 2823 .

1082 170 1246 203 Diagnosi
1257 179 1268 195 s
1295 171 1331 194 sic
1350 170 1449 203 plantae
1467 171 1582 196 consistit
1598 171 1624 196 in
1641 171 1766 197 affinitate
1784 172 1893 197 Generis

1049 211 1075 231 et
1094 207 1118 231 in
1133 205 1272 230 discrimine
1289 205 1398 237 Speciei.

1083 240 1207 265 Nomen
1229 239 1330 271 plantaev
1350 239 1451 271 itaque,
1471 242 1499 263 nt
1513 243 1644 272 utramque
1661 239 1789 271 diagnosin
1802 239 1894 272 indigi-

1048 278 1099 303 tet,
1116 274 1209 306 duplex
1224 273 1287 296 erit:
1302 273 1452 297 (immicum
1466 274 1609 305 cognomen
1623 274 1771 305 gentilitium
1783 288 1817 291 —
1830 274 1894 306 Spe-

1048 310 1145 340 crjficum
1175 308 1329 331 Praenomen
1354 307 1454 331 triviale
1473 322 1507 326 —
1530 307 1576 332 sub
1594 307 1643 332 hoc
1663 316 1723 333 vero
1747 310 1895 341 Synonyma

1046 351 1114 374 vaga
1134 341 1274 366 authorum.

1083 383 1278 413 Botanicns,
1297 383 1425 416 sequendo
1441 383 1670 415 Classificationes,
1690 393 1736 417 per
1753 384 1893 410 characte-

1050 427 1090 443 res
1113 418 1213 450 plantae
1235 417 1379 442 declaratae
1403 418 1502 442 ducitur
1527 419 1557 442 ad
1588 420 1702 443 Genus
1722 419 1893 450 nominatum3

1049 461 1096 485 per
1108 451 1272 476 Differentias
1292 451 1392 476 Lan-ae
1407 452 1438 476 ad
1454 453 1588 485 Speciei
1606 453 1813 486 appellationem3
1834 453 1895 478 inde

1051 486 1082 511 ad
1105 486 1176 518 hujus
1199 487 1402 518 Synonyma3
1427 495 1458 511 ex
1482 487 1518 511 his
1542 487 1574 511 ad
1597 488 1781 516 Authores‚·
1804 487 1895 512 exinde

1050 520 1082 545 ad
1098 520 1218 550 omnia,
1238 528 1302 552 quae
1319 520 1349 544 de
1367 520 1467 552 objecto
1486 521 1656 553 quaestionis,
1674 521 1750 545 seculi
1764 521 1895 552 beneficio,

1051 554 1081 579 ad
1108 563 1152 578 nos
1176 562 1323 586 pencnere.
1365 554 1408 578 Sic
1432 555 1501 579 dicat
1523 555 1577 587 ipsa
1601 555 1686 588 planta
1705 563 1774 579 suum
1794 555 1895 580 Nomen

1051 597 1169 620 suamque
1195 588 1333 612 Historiam
1360 588 1384 612 in
1414 593 1482 613 tanta
1507 589 1663 614 multitudine
1686 589 1825 622 specierum
1845 589 1894 614 imo

1050 622 1250 651 individuorum
1274 622 1321 646 hoc
1344 622 1401 646 finis
1422 622 1557 647 Botanices
1577 623 1687 655 primus,
1714 624 1790 648 seculi
1814 623 1894 648 nostri

1049 657 1194 688 inventum,
1212 656 1237 680 in
1261 656 1328 689 quod
1353 656 1508 690 perficiendo
1530 657 1688 682 desudabunt
1711 666 1796 682 omnes
1812 657 1894 682 Bota-

1050 699 1097 715 mCl
1118 699 1177 715 VCsl.

1084 726 1124 750 27.
1146 725 1299 749 Bomsxcns
1317 733 1419 750 verus
1437 724 1567 750 desudabit
1584 725 1610 750 in
1628 726 1742 758 augendo
1761 726 1891 751 amabilem

1050 759 1194 783 Scientiam.

1083 793 1105 818 D
1117 802 1129 817 e
1140 802 1151 817 s
1163 792 1238 825 erip
1248 792 1298 817 tio
1309 801 1323 817 n
1333 801 1347 817 e
1358 802 1370 818 s
1405 793 1523 818 conficiat
1558 794 1643 819 verbis
1674 793 1894 826 characteristiois,

1050 827 1194 852 Plantarum
1218 827 1336 859 imprimis
1355 828 1541 857 obscuriorum,
1562 829 1683 853 rariorum
1712 837 1892 861 novarumque,

1050 862 1080 886 ad
1105 870 1214 886 normam
1241 861 1422 886 Delineationis
1450 862 1567 894 plantae,
1592 871 1660 887 more
1685 862 1715 888 C.
1740 863 1769 888 L.
1796 863 1841 887 filii
1867 866 1894 887 et

1049 896 1184 920 Schre'oeri
1207 897 1230 920 in
1250 895 1373 920 Decuriis.
1395 910 1429 914 —
1447 896 1606 928 Figuras,
1630 897 1651 921 si
1674 897 1780 930 poterit,
1804 896 1893 927 addat,

1049 938 1113 961 quae
1141 933 1334 963 repraesentent.
1355 930 1471 955 Plantam
1494 931 1651 962 perfectam,
1683 931 1770 963 quales
1799 931 1893 955 dedere

1048 964 1177 995 Yaillant‚
1204 964 1343 994 billonius,
1369 964 1464 994 Eliret,
1494 964 1616 997 Jacquin,
1636 965 1728 996 Trew,
1753 964 1893 989 Sclimiedel

1048 1003 1073 1022 et
1086 998 1135 1022 alii.
1154 1013 1188 1016 —
1205 998 1432 1023 Differentias
1453 999 1582 1031 specificas
1602 1003 1674 1023 eruat
1695 999 1894 1032 compendiosas,

1048 1033 1287 1065 propriissimasque.
1317 1046 1351 1050 —
1383 1033 1401 1057 S
1413 1041 1429 1065 y
1440 1042 1453 1057 n
1464 1042 1477 1057 o
1489 1042 1503 1056 n
1513 1042 1527 1065 y
1539 1042 1561 1058 m
1571 1042 1585 1058 a
1616 1034 1748 1058 authorum
1774 1033 1893 1066 inquirat,

1048 1067 1167 1098 imprimis
1191 1067 1339 1094 selectiora3
1367 1067 1403 1091 uti
1428 1067 1556 1092 Hallerus.
1578 1081 1611 1086 -—
1639 1068 1751 1092 Genus
1778 1067 1892 1092 naturale

1049 1109 1146 1133 semper
1164 1101 1264 1133 Speciei
1283 1100 1421 1133 praefigat,
1446 1106 1472 1125 et
1492 1101 1534 1125 ubi
1553 1110 1653 1129 norum.
1674 1102 1828 1126 Charactere
1846 1110 1894 1126 na-

1048 1135 1122 1159 turali
1131 1135 1235 1159 definiat
1247 1143 1277 1159 ex
1287 1135 1391 1159 omnium
1405 1135 1510 1168 partium
1523 1136 1723 1160 fructificationis
1731 1136 1789 1167 situ,
1798 1136 1891 1168 figura,

1049 1178 1164 1200 numero,
1188 1169 1361 1202 proportione.
1382 1183 1416 1187 —
1440 1170 1580 1202 Species
1606 1179 1685 1201 vagas
1709 1178 1836 1202 novasque
1860 1169 1893 1194 ad

1050 1209 1119 1227 certa
1138 1212 1230 1235 genera
1250 1204 1358 1234 referat,
1382 1203 1419 1228 uti
1437 1203 1609 1235 Tournefort,
1628 1204 1752 1235 Plumier,
1772 1204 1893 1234 Browne,

1049 1238 1163 1270 Jacquin.
1189 1252 1223 1256 —
1251 1237 1404 1262 Ordinem
1428 1237 1586 1269 naturalem,
1617 1238 1659 1262 ubi
1688 1242 1779 1271 patet,
1800 1238 1893 1270 indigi-

1049 1276 1095 1297 tet.
1114 1286 1148 1290 ——
1168 1271 1342 1296 stationes
1369 1271 1477 1304 cujusvis
1495 1272 1595 1304 plantae
1613 1277 1692 1303 notet,
1711 1272 1818 1305 ideoque
1836 1273 1893 1305 plu-

1049 1315 1090 1332 res
1111 1306 1216 1335 Floras,
1246 1307 1288 1331 ubi
1311 1306 1386 1337 licet,
1411 1306 1550 1338 producat,
1575 1306 1693 1339 imprimis
1715 1307 1848 1331 Australes
1866 1310 1894 1331 et

1049 1342 1179 1370 ExoticaS.
1198 1355 1232 1360 -—
1250 1340 1495 1373 Proprietates
1520 1340 1653 1370 observet,
1670 1341 1757 1373 quales
1777 1340 1894 1372 Duratio,

1049 1376 1200 1407 seminatio,
1231 1375 1372 1401 Gemmatio
1385 1395 1392 1405 ,
1418 1374 1555 1405 Vernatio,
1582 1375 1742 1405 Aesdrafio,
1771 1375 1895 1408 Nuptiae,

1048 1411 1259 1441 Frondescentia,
1285 1409 1475 1440 Calendarium,
1494 1409 1669 1441 Horologium,
1688 1410 1806 1440 Somnus,
1822 1409 1894 1439 Qua-

1047 1445 1192 1470 litates..—
1210 1445 1297 1469 Usus
1316 1444 1410 1468 addat:
1435 1443 1520 1477 quales
1543 1451 1601 1467 usus
1625 1443 1782 1468 Naturae
1802 1443 1895 1476 (Panis

1049 1479 1243 1512 Pandoraeque)
1258 1499 1264 1510 ,
1301 1478 1459 1503 Medicus
1471 1497 1479 1508 ,
1516 1477 1642 1502 Oecono
1654 1479 1755 1502 micus
1779 1482 1828 1503 etc.
1867 1480 1894 1502 et

1049 1522 1213 1547 quaecunque
1232 1513 1256 1537 in
1271 1513 1308 1538 his
1324 1512 1416 1537 cedant
1432 1511 1550 1544 imprimis
1568 1511 1593 1537 in
1612 1511 1716 1544 gloriam
1733 1511 1852 1536 Authoris
1866 1515 1894 1536 et

1049 1548 1073 1573 in
1092 1548 1244 1572 commodum
1262 1547 1361 1579 generis
1378 1545 1501 1577 Humani,
1520 1549 1549 1570 ut
1565 1546 1661 1579 posteri
1683 1545 1780 1571 demum
1804 1546 1891 1571 obam-

1048 1582 1135 1607 bulent
1151 1582 1176 1606 in
1194 1590 1283 1607 serena
1302 1581 1366 1606 luce.

1082 1624 1268 1649 nonnosum
1293 1624 1425 1654 Fallaces,
1450 1622 1565 1656 Ephebi,
1588 1622 1820 1655 Hirquitallientes:
1840 1621 1892 1647 Le-

1048 1667 1094 1691 ges
1117 1659 1187 1683 Artis
1210 1658 1380 1692 proclamant,
1405 1661 1537 1690 antequam
1561 1657 1697 1682 Naturales
1721 1656 1892 1682 didicere:—

1046 1693 1163 1718 Absonos
1184 1693 1321 1723 extollunt,
1340 1692 1541 1716 Praestantiores
1563 1691 1654 1715 rodunt
1671 1691 1726 1715 zelo
1749 1690 1892 1715 stomacho-

1046 1736 1088 1752 so:
1101 1743 1134 1746 —
1154 1727 1298 1759 Compilant
1315 1726 1399 1751 furtim
1420 1726 1513 1756 aliena,
1533 1725 1634 1758 propria
1652 1725 1694 1750 vix
1714 1725 1893 1757 detegunt:—

1047 1762 1136 1786 Grano
1148 1761 1295 1785 eruditionis
1314 1764 1418 1793 reperto
1431 1760 1547 1784 stentorii
1565 1759 1730 1784 ebuccinant:
1741 1773 1775 1777 --
1788 1759 1893 1784 Genera

1048 1804 1062 1820 e
1069 1795 1133 1819 male
1147 1795 1262 1820 assumtis
1271 1795 1393 1826 lacerant,
1402 1793 1579 1828 multiplicant:
1587 1793 1775 1819 —Blethodum
1787 1796 1893 1818 natura·-

1047 1829 1095 1855 lem
1110 1829 1157 1855 sibi
1171 1833 1256 1854 notam
1269 1834 1380 1862 crepant.

1252 1909 1339 1929 Dedisti
1363 1909 1414 1929 mihi
1434 1906 1546 1931 DoMINB
1573 1911 1653 1933 artem,

1253 1949 1321 1964 meam
1339 1944 1474 1969 mercedem,
1489 1944 1545 1964 etin
1564 1944 1600 1963 illa
1616 1943 1707 1964 laudabo
1723 1948 1802 1963 nomen
1816 1942 1891 1962 Tuum.

1570 1977 1678 1998 David.
1696 1977 1735 2004 (S.
1747 1977 1776 1998 Χ.
1790 1976 1860 2002 ΧΗ.)

1212 2102 1458 2133 DELINJJATIO
1491 2102 1681 2132 PLANTAE
1697 2099 1736 2142 ¹).

1355 2178 1376 2205 I.
1412 2178 1589 2204 THEORIA.

1084 2230 1188 2254 Genus.
1216 2228 1316 2254 Nomen
1339 2229 1528 2254 selectissirnum
1548 2243 1584 2247 —
1607 2228 1746 2254 Chai-aeter
1764 2225 1895 2258 naturalis,

1051 2264 1199 2294 essentialis,
1214 2262 1354 2288 artificialis
1366 2279 1401 2283 —-
1413 2263 1510 2288 Classis
1519 2263 1642 2296 Ordoque
1655 2261 1808 2294 Systematis
1818 2268 1895 2294 prae-

1051 2297 1196 2323 stantissimi
1213 2313 1248 2316 —
1268 2297 1339 2322 Ordo
1357 2297 1480 2322 naturalis
1498 2296 1716 2322 demonstrandus.

1087 2332 1207 2357 Sessclsss.
1230 2333 1329 2358 Nomen
1348 2331 1450 2356 triviale
1472 2346 1505 2349 —
1530 2330 1683 2356 Differentia
1706 2328 1826 2362 specifica
1849 2327 1896 2353 de-

1050 2365 1228 2391 monstranda:
1254 2365 1406 2396 certissima,
1427 2365 1576 2390 brevissima
1597 2380 1633 2384 ——
1650 2364 1800 2396 Synonyma
1817 2371 1833 2388 e
1849 2361 1896 2387 de-

1051 2399 1188 2432 scriptione
1205 2408 1227 2425 s.
1248 2401 1332 2433 figura
1345 2399 1460 2429 selecta;
1479 2398 1622 2424 vernacula.

1087 2434 1210 2459 Cau-ici.
1235 2433 1398 2466 Etymologia
1413 2433 1518 2458 nominis
1535 2431 1654 2465 generici,
1673 2430 1786 2465 specifici
1799 2444 1834 2449 -—-
1851 2430 1896 2456 In-

1051 2472 1143 2493 ventor
1162 2476 1218 2494 cum
1232 2472 1347 2503 tempore
1360 2482 1395 2486 --
1411 2467 1529 2492 Eruditio
1547 2466 1691 2497 Histoi-ica,
1711 2464 1824 2496 critica,
1841 2465 1896 2490 An-
1916 2477 1920 2485 r

1051 2502 1132 2536 tiqua.

1320 2544 1355 2570 11.
1394 2543 1625 2569 DESCRIPTIO.

1087 2595 1176 2621 Rmx
1210 2595 1391 2620 duratione
1428 2603 1510 2620 annua
1522 2614 1530 2626 ,
1565 2593 1662 2619 biennis
1674 2613 1684 2627 ,
1713 2592 1833 2628 perennis
1861 2606 1897 2611 —

1053 2629 1166 2662 figura
1192 2639 1218 2655 a.
1243 2630 1353 2661 fibi-osa,
1377 2637 1493 2662 ramosa,
1516 2627 1669 2660 fusisormis,
1692 2634 1840 2662 praemorsa
1862 2640 1897 2645 -—

1121 2737 1141 2762 1)
1156 2738 1192 2758 Et
1212 2737 1238 2758 S.
1250 2737 1307 2758 XII.
1320 2737 1393 2758 1511.
1406 2738 1426 2757 et
1440 2737 1528 2763 (pannis
1539 2737 1638 2761 mutatis)
1657 2736 1684 2757 S.
1700 2737 1730 2757 X.
1741 2746 1775 2751 —
1793 2735 1820 2756 S.
1838 2734 1896 2757 111.

1051 2771 1148 2792 notulam
1168 2771 1234 2792 add„-
1268 2771 1450 2797 „Descriptiones
1461 2771 1640 2791 fundamentales
1656 2770 1774 2791 seeundum
1785 2769 1842 2790 hmo
1859 2769 1896 2790 de-

1052 2805 1090 2825 rm.
1106 2805 1194 2826 Plantae
1205 2805 1312 2826 dederunt
1321 2804 1392 2826 Limne
1403 2805 1460 2826 filius
1471 2805 1530 2828 etl).
1541 2805 1676 2826 Schreberus
1687 2805 1708 2826 tn
1721 2804 1767 2825 suis
1779 2803 1897 2825 decurii-‚⁸
