1967 2930
777 79 934 110 Dionnum
964 86 1110 108 nnn-oms.
1743 79 1815 106 xlll

671 254 1025 315 CAPUT
1077 254 1210 313 II.

563 371 810 411 LIBRI
876 370 1319 422 ADHIBITJ.

172 543 283 574 LIBRI
310 541 499 573 ADHlBITI
531 541 570 571 ad
596 540 744 572 Codicem
771 538 974 580 digerendum
1012 540 1184 570 Linnaeani
1218 539 1372 581 duplici
1399 539 1518 570 ratione
1550 539 1701 568 recenseri
1738 548 1812 579 pos-

70 601 156 624 sunl:
187 606 298 636 nempe
321 596 371 624 vel
398 593 566 624 secundum
595 594 776 624 ordinem
808 593 1146 630 chronologicum
1172 592 1205 621 in
1226 590 1373 633 periodos
1400 597 1460 621 tres
1486 592 1575 631 (ante
1604 592 1728 620 nomina
1755 591 1813 620 tri-

68 648 177 683 vialia,
203 652 274 687 post
307 647 433 682 eadem,
461 650 491 676 et
511 651 587 686 post
609 646 729 676 culmen
753 642 902 682 Limzaei)
931 642 1030 673 dividi
1054 649 1202 684 possunt,
1235 644 1316 684 qnod
1334 646 1379 684 fit
1405 645 1437 673 in
1459 643 1575 673 Tabula
1599 644 1625 673 I.
1651 644 1734 681 infra
1758 652 1813 671 (ar-

68 698 218 727 hibenda:
242 717 278 720 —
308 699 357 727 vel
379 696 548 727 secundnm
575 700 747 728 valorem
774 695 915 725 suumin
941 693 1062 723 edendo
1088 694 1193 724 codice
1219 694 1431 724 discernuntur
1455 695 1487 724 in
1511 704 1582 730 eos,
1609 693 1634 723 I.
1662 704 1737 733 qnos
1765 698 1813 722 lo-

68 755 131 786 tos,
159 749 196 779 ll.
219 760 296 789 quos
319 759 457 787 magna
485 759 532 778 ex
559 755 689 790 parte,
718 746 773 778 HI.
801 757 878 787 quos
901 757 969 775 cum
991 747 1106 776 selecm
1134 746 1352 776 adhibitos
1380 747 1515 776 continet
1543 744 1669 775 Codex.
1692 761 1742 766 --
1762 755 1814 773 ac·-

68 800 178 830 cednnt
204 799 263 832 lv.
297 801 431 830 aliena
468 800 621 841 quaedam
648 799 805 830 variorum
835 798 984 827 Amorum
1016 808 1110 840 opera
1141 797 1181 827 ad
1212 797 1429 840 explicandam
1460 797 1588 827 Linnaei
1630 796 1814 826 sententiam

67 858 250 894 opportuna.

139 918 176 937 01,
186 924 202 939 s.
237 915 356 940 Τιτυιος
377 923 512 940 1N'rssanos
531 918 607 937 [mrum
626 923 716 942 opernm
734 915 822 936 reddere
840 915 876 935 lu'c
894 915 1069 941 superwlemns.
1095 915 1176 935 mitari
1193 916 1331 941 aliqnando,
1357 916 1444 941 favente
1464 916 1526 938 Deo,
1548 913 1814 940 biblioyraphiam

69 953 122 973 121'11
131 959 142 972 n
151 959 270 972 nentium
294 954 438 978 cmnplrlum.
465 954 479 973 i.
509 959 526 973 ι’.
558 954 696 978 conspectum
721 953 740 971 et
767 951 946 976 clzrmmloyicmn
971 952 990 968 ιη’
1017 951 1193 975 ,κ’[Ιθ-Ιιίιιαὶῖωιιιι,
1220 951 1298 970 titulus
1324 951 1419 978 integros
1443 951 1537 971 onmium
1563 950 1697 976 scriptorum
1724 948 1816 968 Limnaee

67 994 148 1007 semmua
165 987 209 1012 siclt·
227 987 372 1011 exhibentem,
388 988 521 1015 pleniorem,
540 993 605 1014 quum
623 987 660 1014 qui
677 987 767 1010 extant,
787 987 806 1006 et
824 984 951 1005 necessariis
970 984 1195 1005 uuiunulccrsionibns
1214 987 1310 1006 aiecium.

804 1101 843 1134 Ι.
886 1099 1081 1140 Tati,

69 1198 174 1228 atque
192 1195 220 1220 si
241 1195 358 1221 dicere
377 1195 461 1221 licet
479 1195 552 1220 sine
570 1193 669 1219 verbi
683 1193 839 1226 jactura,
858 1192 978 1218 codice
995 1193 1186 1218 reddentur
1203 1195 1390 1226 sequentes
1409 1192 1501 1218 libri.
1543 1190 1752 1226 (observandum
1773 1193 1816 1216 ta-

69 1247 125 1263 men
149 1238 216 1272 qnod
238 1239 388 1271 paucissima
417 1239 539 1272 quaedam
560 1246 622 1262 sana
650 1237 748 1262 ratione
773 1236 880 1261 docente
904 1235 1031 1261 omisimus
1056 1245 1088 1261 ex
1112 1236 1150 1260 his
1169 1245 1288 1269 quoque,
1315 1239 1344 1260 ut
1363 1245 1387 1261 v.
1414 1245 1436 1261 c.
1465 1235 1566 1269 quando
1590 1243 1670 1268 genus
1690 1234 1816 1267 singulum

69 1288 146 1306 anu-a
164 1291 195 1306 ex
215 1282 288 1305 icone
306 1281 433 1314 cujusdam
453 1281 600 1315 scriptoris,
625 1281 697 1305 citati
716 1289 731 1305 a
747 1280 791 1311 1..‚
818 1279 972 1313 descriptum
994 1282 1063 1310 erat,
1087 1283 1116 1303 ut
1133 1279 1269 1311 Gustus,
1292 1279 1354 1304 Cod.
1374 1288 1399 1313 p.
1422 1280 1476 1311 16.‚
1503 1279 1583 1304 serius
1602 1281 1686 1303 autem
1704 1286 1736 1301 ex
1756 1276 1815 1301 vivo

70 1325 111 1349 vel
132 1324 198 1349 sicco
219 1325 321 1355 molius,
346 1329 372 1349 at
389 1324 439 1356 ita,
465 1328 493 1349 ut
512 1324 611 1349 nimium
629 1323 737 1357 spatium
762 1323 887 1356 perditum
907 1326 991 1354 esset,
1016 1322 1037 1347 si
1063 1331 1108 1347 nos
1127 1322 1226 1355 vulgari
1244 1326 1332 1347 nostra
1350 1323 1468 1347 methodo
1488 1323 1619 1355 utriusque
1637 1319 1816 1354 descriptionis

70 1368 264 1401 discrepantiam
283 1372 439 1392 mutassemus
457 1367 498 1391 vel
516 1370 595 1391 totam
615 1366 681 1391 illam
706 1366 870 1391 rudiorem
890 1370 919 1390 et
937 1374 1015 1398 saepe
1036 1365 1137 1398 plane
1158 1373 1304 1390 mancam
1327 1366 1369 1398 (ut
1387 1365 1413 1390 in
1432 1364 1634 1390 Salicornia
1652 1364 1704 1396 al.)
1731 1362 1816 1388 reddi-

70 1411 197 1436 dissemus.
241 1410 294 1435 Sed
315 1411 362 1434 hoc
379 1410 458 1434 rarius
478 1413 576 1434 tantum
595 1409 713 1433 occurrit.
756 1409 896 1434 Praeterea
915 1417 1015 1433 errores
1034 1413 1134 1441 typogr.
1154 1407 1233 1433 tacite
1253 1407 1437 1441 praeterimus,
1461 1408 1505 1433 ubi
1523 1407 1591 1433 dubii
1610 1415 1661 1431 non
1679 1414 1734 1430 esse
1755 1413 1816 1439 pos-

69 1457 135 1478 sunt.
178 1454 252 1484 Quae
270 1457 403 1487 praeterea
420 1452 445 1477 in
464 1452 586 1477 Codice
604 1452 695 1477 omissa
714 1454 774 1476 sunt
792 1460 823 1477 ex
840 1451 910 1476 libris
925 1452 979 1484 jam
999 1451 1190 1483 enumerandis,
1214 1451 1303 1476 videas
1322 1452 1345 1482 ἓ.
1366 1452 1405 1477 16.
1430 1451 1512 1485 praef.
1531 1450 1669 1482 nostrae.).

153 1526 181 1554 1.
214 1522 355 1552 Srs'rmm
379 1521 530 1551 Nummus
554 1526 625 1551 etc.
651 1519 729 1563 (Ed
738 1522 749 1551 ἰ
758 1525 778 1550 t.
803 1520 843 1559 I.)
881 1520 976 1550 Lucu.
1006 1530 1115 1549 num.
1139 1529 1219 1549 APUD
1247 1520 1306 1549 Tu.
1329 1520 1431 1549 HAAK.
1463 1522 1554 1551 1735.
1583 1528 1648 1549 roi..
1671 1527 1744 1547 max.
1775 1535 1818 1539 ——

68 1573 187 1599 Pertinet
211 1574 260 1598 huc
284 1576 399 1606 respecta
427 1572 618 1605 I'egetabiliitm
638 1580 666 1605 p.
687 1571 780 1597 5—8.
799 1584 834 1589 —
865 1570 929 1606 Pag.
953 1570 978 1595 5.
1007 1569 1154 1602 „Clavis
1184 1570 1382 1603 systematis
1411 1569 1591 1595 sexualis.”
1629 1568 1749 1595 Clavis
1766 1568 1818 1592 illa

69 1619 122 1647 est,
143 1625 208 1648 quac
228 1616 287 1642 eod,
307 1624 331 1649 p.
351 1616 376 1641 7.
396 1623 502 1643 recusa.
526 1615 571 1641 secl
595 1623 653 1639 cam
678 1613 772 1638 clavi
794 1613 957 1639 classium
981 1614 1058 1646 (Coti.
1075 1623 1104 1647 p.
1120 1613 1164 1646 8.)
1184 1613 1211 1638 in
1229 1622 1309 1638 unum
1326 1613 1402 1647 qnasi
1419 1619 1510 1646 corpus
1529 1612 1646 1643 coalita,
1665 1621 1696 1638 ea
1714 1611 1818 1636 ratione

67 1663 97 1685 ut
115 1659 297 1692 explicationes
315 1659 417 1691 hujus
440 1657 522 1682 clavis
547 1657 582 1682 ad
600 1657 721 1690 singulas
739 1657 843 1682 illius
866 1657 959 1682 classes
983 1658 1072 1683 statim
1090 1656 1239 1689 adscriptae
1257 1657 1325 1688 sint,
1350 1657 1378 1682 id
1396 1656 1463 1689 quod
1474 1656 1540 1688 fleri
1554 1656 1641 1689 potuit
1658 1656 1688 1680 ol>
1700 1656 1818 1688 sormam

68 1703 177 1728 chartae
193 1702 349 1727 maximam:
368 1715 402 1721 —-
421 1701 568 1726 Ordines
586 1709 645 1725 vero
663 1700 763 1732 hujus
781 1700 863 1725 clavis
882 1700 957 1733 (Cori.
973 1709 998 1733 p.
1015 1701 1038 1726 8.
1054 1700 1125 1732 fin.)
1144 1700 1234 1733 paullo
1253 1699 1355 1725 brevius
1372 1700 1400 1725 in
1418 1700 1488 1725 calce
1502 1700 1622 1733 paginae
1640 1698 1810 1732 explicantur.

140 1746 201 1778 Pag.
227 1746 250 1771 8.
293 1743 647 1776 „Animadversiones
671 1743 702 1768 in
724 1751 859 1776 regnum
882 1743 1104 1776 vegetabile''
1123 1743 1184 1768 vide
1206 1742 1266 1767 cod.
1284 1743 1427 1775 p.1—2.

138 1788 202 1821 Pag.
226 1789 313 1814 6-7.
356 1787 531 1819 „Regnum
554 1785 778 1819 vegetabile⁷⁷
797 1789 823 1811 et
843 1786 945 1819 quidem
962 1795 986 1819 p.
1007 1787 1030 1811 6.
1056 1786 1089 1810 ab
1107 1785 1259 1810 Monandria
1278 1785 1310 1810 ad
1322 1785 1501 1816 Icosandriam,
1518 1794 1582 1820 pag.
1601 1786 1625 1812 7.
1649 1785 1682 1810 ab
1701 1784 1818 1816 Polyan-

69 1831 125 1856 dria
143 1831 176 1856 ad
189 1830 405 1865 Cryptogamiam.
423 1843 457 1849 —-
482 1829 597 1863 Utraque
614 1830 642 1855 in
661 1830 676 1855 8
692 1829 845 1860 Columnas,
863 1837 928 1862 quas
946 1832 1052 1859 vocant,
1071 1828 1173 1854 divisa.-
1192 1837 1206 1854 e
1223 1829 1314 1861 quibus
1329 1829 1382 1854 Col.
1395 1830 1414 1854 1.
1438 1831 1467 1854 A.
1483 1828 1668 1859 Monandriam,
1687 1827 1716 1852 Β.
1735 1827 1818 1852 Dian-

69 1874 148 1899 driam
169 1875 297 1899 continet:
315 1874 384 1899 inter
402 1877 540 1906 utramque
560 1882 620 1899 vero
633 1873 796 1898 Anterum
814 1872 909 1897 litteris
927 1875 1030 1897 tantum
1048 1872 1076 1896 in
1094 1875 1166 1897 texta
1184 1871 1360 1905 alleg-aterum
1378 1872 1491 1904 nomina,
1510 1876 1534 1898 et
1551 1872 1685 1905 signorum
1703 1869 1819 1903 explica-

67 1919 173 1948 tionem,
196 1916 372 1943 brevissimam
389 1916 500 1949 quidem.
520 1930 549 1934 -
572 1916 627 1941 Col.
647 1916 683 1941 ΙΙ.
709 1915 820 1940 continet
831 1914 861 1939 B.
880 1914 1055 1946 Triandriam,
1075 1914 1103 1940 C.
1123 1914 1316 1947 Tetrandriam‚
1333 1930 1367 1934 —-
1392 1916 1443 1941 Col.
1466 1916 1514 1941 111.
1532 1916 1577 1941 IV.
1606 1915 1637 1940 E.
1664 1913 1820 1944 Pentandr.‚

69 1975 104 1979 —
124 1961 178 1986 Col.
203 1961 233 1986 V.
254 1960 284 1985 F.
303 1959 451 1991 Henaandr„
471 1973 502 1978 —
528 1959 580 1984 Col.
599 1959 642 1984 Vl.
661 1959 696 1984 G.
715 1957 878 1992 Heptandr.‚
895 1957 928 1982 H.
949 1957 1088 1989 Octandr.‚
1106 1957 1126 1982 I.
1143 1957 1308 1989 Enneandr.‚
1324 1972 1358 1977 -
1382 1959 1434 1984 Col.
1456 1959 1510 1983 1711.
1532 1958 1677 1989 Decandr.,
1696 1973 1730 1977 —
1757 1957 1811 1982 Col.

74 2005 142 2029 1111.
163 2003 202 2028 cl.
223 2004 261 2029 11.
283 2004 323 2029 12.
342 2002 403 2034 (1..‚
420 2001 489 2034 M.)‚
508 2015 543 2021 -—-
561 2002 613 2027 Col.
635 2002 678 2027 IX.
699 2001 734 2026 N.
757 2001 796 2026 Cl.
818 2001 873 2032 13.‚
890 2017 926 2020 —
943 2001 996 2026 Col.
1021 2002 1050 2026 X.
1069 2001 1101 2026 Ο.
1122 2000 1160 2026 Cl.
1183 2001 1238 2032 14„
1256 2015 1291 2019 —
1309 2001 1361 2027 Col.
1381 2002 1424 2027 XI.
1449 2001 1478 2027 P.
1499 2001 1536 2027 Cl,
1553 2002 1608 2032 15.‚
1625 2015 1659 2020 —
1683 2001 1736 2026 Col.
1752 1999 1811 2024 XII.

70 2048 114 2079 Q„
132 2047 180 2078 R.,
198 2046 242 2078 S.‚
268 2045 306 2071 Cl.
327 2046 382 2077 16„
403 2046 443 2071 17.
463 2048 490 2070 et
508 2046 547 2071 18.
566 2061 601 2065 —
625 2046 679 2071 Col.
696 2044 766 2069 XIII.
791 2044 824 2069 T.
852 2043 934 2069 Class.
956 2044 1011 2076 19„
1027 2059 1062 2062 —
1093 2044 1147 2069 Col.
1173 2044 1246 2069 XIV.
1270 2044 1303 2069 U.
1327 2045 1366 2070 Cl.
1384 2046 1442 2077 20„
1469 2059 1504 2064 —
1542 2045 1594 2070 Col.
1616 2043 1672 2069 XV.
1700 2043 1747 2075 νζ,
1769 2042 1818 2074 X.‚

71 2091 112 2116 Cl.
131 2091 172 2116 21.
191 2090 243 2121 22„
261 2103 296 2108 —
323 2089 376 2113 Col.
404 2088 473 2113 A'sl.
493 2088 544 2120 Y.‚
563 2087 594 2114 Z.
617 2088 656 2114 Cl.
673 2089 712 2114 23.
732 2091 757 2113 et
771 2087 809 2112 Cl.
828 2088 886 2118 24„
909 2087 954 2112 sab
973 2096 1025 2120 qua
1043 2087 1258 2120 Lithophyta
1276 2087 1433 2121 subsumpta.

143 2132 296 2166 Systcmatis
315 2132 379 2156 haec
396 2131 477 2165 prima
494 2130 572 2155 editio
599 2126 723 2164 (ceteram
747 2139 827 2160 rara,
855 2131 1002 2163 idcircoque
1025 2131 1106 2155 ‹Ienuo
1130 2138 1220 2155 recusa
1244 2130 1387 2162 recentius,
1413 2140 1467 2157 cnr.
1487 2131 1517 2156 A.
1542 2130 1610 2161 Fe‘e,
1637 2129 1721 2156 Paris.
1746 2127 1819 2161 apud

71 2176 205 2203 Levraule.
232 2175 305 2201 1830.
331 2175 376 2208 8.)
401 2174 498 2199 curiosa
517 2173 617 2207 quidem
638 2178 678 2200 est
697 2178 723 2200 et
742 2175 828 2199 forsan
849 2174 881 2198 ab
900 2173 1013 2207 Operum
1032 2172 1140 2198 cnniium
1161 2172 1262 2198 editore
1280 2173 1362 2199 denuo
1383 2174 1470 2199 eadem
1488 2174 1569 2198 forma
1589 2171 1754 2202 excudenda3
1773 2170 1818 2195 sed

69 2220 96 2246 in
114 2218 289 2246 botanicorum
306 2226 378 2242 usum
398 2217 457 2242 nihil
478 2217 524 2242 nisi
549 2217 686 2251 simplicem
706 2217 831 2242 nominum
852 2216 1028 2250 genericoruni
1049 2215 1263 2241 enumerationem
1282 2217 1472 2249 systematicam
1489 2215 1599 2241 exhibet.
1649 2215 1753 2239 Genera
1773 2221 1820 2236 nu-

72 2271 140 2288 mero
158 2262 208 2288 767
229 2264 422 2292 enumerantur,
441 2269 456 2285 e
475 2259 565 2293 quibus
586 2263 669 2286 tamen
689 2260 769 2286 serius
788 2259 883 2285 omissa
908 2263 966 2284 sunt
985 2259 1017 2284 98
1034 2262 1061 2283 et
1081 2260 1113 2284 1O
1128 2258 1284 2293 Lithophyta
1302 2260 1459 2285 removenda
1481 2263 1555 2284 sunt:
1581 2258 1612 2284 15
1631 2257 1681 2282 alia
1700 2256 1725 2281 in
1745 2256 1778 2280 G.
1799 2256 1819 2280 Ι.

71 2304 257 2342 ‹lein‘omissaq
281 2303 363 2329 serius
380 2303 490 2328 restituit
514 2307 588 2328 autor
608 2303 678 2337 ipse:
702 2304 735 2330 55
754 2311 850 2337 genera.
869 2302 950 2328 serius
968 2302 1018 2327 alia
1038 2301 1151 2333 nomina,
1181 2302 1272 2335 quibus
1298 2312 1364 2328 nnnc
1389 2311 1490 2337 quoque
1513 2302 1643 2336 gaudent,
1675 2300 1707 2325 ab
1729 2302 1820 2324 autore

72 2351 241 2382 acceperunt,
264 2355 315 2372 non
335 2345 488 2379 computatis
510 2349 644 2379 praeterea
667 2345 806 2372 levioribus
829 2345 979 2380 quibusdam
999 2344 1204 2370 nomenclaturae
1233 2345 1423 2371 mutationibus.
1467 2346 1509 2371 Ex
1530 2345 1591 2380 ipsis
1612 2343 1691 2369 serius
1710 2340 1820 2368 servatis

71 2392 121 2418 659
138 2390 272 2425 generibus
293 2391 342 2416 102
358 2395 449 2422 postea.
468 2389 551 2414 alium
574 2389 603 2414 in
619 2393 759 2422 syvtemate
776 2390 858 2415 locum.
882 2389 1002 2422 (ciassem
1023 2387 1184 2421 utplurimum
1204 2389 1245 2413 vel
1264 2389 1376 2414 ordinem
1395 2389 1538 2422 diversum)
1563 2388 1704 2413 obtinerent
1721 2392 1821 2410 neccsse

73 2437 138 2460 erat.
162 2447 192 2452 —
226 2434 309 2458 Autor
325 2431 426 2465 generis
445 2431 577 2465 permultis
603 2431 707 2457 additus
732 2436 772 2458 est
799 2434 936 2466 (exceptae
955 2430 1075 2455 videntur
1095 2430 1215 2464 vulgares
1233 2432 1366 2466 plantae>z
1392 2433 1460 2466 quod
1478 2433 1521 2457 ubi
1539 2433 1623 2457 locam
1645 2429 1752 2459 habuit,
1774 2435 1821 2451 nos

73 2477 154 2503 etiam
172 2480 234 2502 ante
251 2476 354 2501 verbum
373 2476 426 2507 „S.
442 2476 462 2500 1.
470 2474 484 2486 ’'
503 2475 577 2500 illum
596 2479 715 2501 autorem
731 2475 915 2509 adscripsimus
934 2474 980 2507 (cs.
998 2474 1239 2506 Boerhaviam,
1256 2476 1406 2501 Saluiam
1423 2476 1459 2501 al.
1479 2476 1508 2500 in
1527 2474 1640 2506 Codice).
1657 2487 1688 2491 —
1715 2471 1821 2496 Genera

74 2521 108 2546 65
125 2520 196 2553 signo
214 2520 231 2552 †
249 2518 367 2552 apposito
384 2522 413 2544 ut
432 2518 580 2550 ‚,nova'’,
605 2519 811 2545 Linnaeana
828 2527 933 2552 nempe,
960 2517 1113 2542 exhibentur
1133 2518 1189 2550 (sed
1206 2527 1235 2544 re
1250 2527 1314 2544 vera
1329 2519 1410 2553 plara
1427 2527 1498 2544 nova
1515 2517 1604 2550 sum).-
1627 2515 1665 2541 his
1682 2518 1742 2539 ante
1760 2521 1821 2538 ver-

74 2563 134 2588 bum
155 2564 205 2595 ,‚S.
229 2561 271 2588 1.”
292 2561 402 2586 litteram
420 2580 438 2592 „
448 2561 476 2586 1..
486 2560 502 2572 ”
524 2561 719 2596 adscripsimus,
743 2566 773 2588 ut
796 2562 918 2588 monitum
937 2564 977 2586 est
999 2569 1077 2594 supra
1095 2562 1119 2592 ς.
1142 2561 1185 2586 28.
1203 2561 1256 2586 obs.
1281 2577 1317 2581 —
1345 2563 1535 2596 Synonyma
1552 2563 1670 2584 autorum
1689 2557 1731 2582 illo
1753 2560 1822 2581 tem-

75 2614 140 2641 pore
159 2604 372 2639 praestantiorum
394 2604 523 2638 plerisque
546 2605 683 2637 generibus
708 2606 825 2640 adjecta,
856 2613 922 2639 quae
941 2603 1036 2637 ubique
1059 2603 1086 2628 in
1115 2603 1205 2629 codice
1227 2603 1348 2630 invenies.
1377 2619 1410 2624 —
1444 2603 1557 2635 Quidam
1574 2601 1677 2627 ordines
1695 2599 1821 2626 subdivisi

76 2653 150 2680 sunt,
174 2648 199 2673 id
218 2647 286 2681 quod
307 2647 331 2672 in
348 2647 437 2672 codice
454 2647 488 2672 ad
513 2649 746 2683 „Conspectus
769 2646 955 2684 generum”
980 2650 1043 2671 ante.
1066 2647 1188 2680 singulas
1210 2647 1302 2673 classes
1327 2648 1419 2681 clatos,
1446 2645 1566 2672 collatum
1589 2646 1616 2670 et
1637 2646 1759 2669 notatum.
1786 2654 1824 2660 --

78 2692 206 2720 Ibidem
225 2691 332 2716 collatae
352 2694 410 2715 sunt
425 2691 535 2724 plantae
552 2693 704 2725 anomalae,
723 2691 824 2727 parcius
842 2690 942 2725 quidem
962 2688 1090 2715 indicatae
1109 2689 1135 2714 in
1152 2688 1201 2715 hac
1217 2689 1329 2715 editione
1340 2690 1397 2715 lma,

146 2734 232 2767 [Obs.
268 2736 397 2761 Accnrate
414 2736 538 2761 collatum
555 2744 573 2760 a
589 2735 661 2761 nobis
679 2739 717 2761 est
734 2736 781 2761 hoc
797 2736 917 2768 Systema
940 2732 1026 2766 quoad
1042 2732 1164 2764 nomina,
1187 2741 1344 2766 synonyma,
1368 2733 1478 2764 classes,
1502 2731 1620 2762 ordines,
1645 2733 1671 2756 et
1687 2727 1763 2754 modo
1784 2726 1822 2752 ad

77 2779 185 2812 singula
201 2786 316 2812 genera.
333 2778 406 2803 modo
425 2778 461 2803 acl
478 2778 598 2803 classium
616 2781 780 2812 conspectus,
799 2784 865 2811 quae
882 2776 1000 2802 notanda
1017 2778 1114 2807 essent,
1132 2778 1225 2801 notata
1242 2778 1318 2808 sant,
1340 2779 1370 2802 at
1387 2785 1416 2803 re
1430 2784 1508 2807 uera,
1527 2775 1573 2808 qm*
1590 2773 1677 2799 codice
1694 2773 1819 2802 uteretur,
1857 2805 1860 2808 Δ

76 2822 123 2848 hoc
140 2830 239 2856 quoqne
256 2821 392 2847 rarissima
408 2824 524 2847 uteretur
542 2821 682 2854 editione]
