<?xml version="1.0" encoding="UTF-8"?>
<!DOCTYPE html PUBLIC "-//W3C//DTD XHTML 1.0 Transitional//EN"
    "http://www.w3.org/TR/xhtml1/DTD/xhtml1-transitional.dtd">
<html xmlns="http://www.w3.org/1999/xhtml" xml:lang="en" lang="en">
 <head>
  <title>
</title>
<meta http-equiv="Content-Type" content="text/html;charset=utf-8" />
  <meta name='ocr-system' content='tesseract 3.04.00' />
  <meta name='ocr-capabilities' content='ocr_page ocr_carea ocr_par ocr_line ocrx_word'/>
</head>
<body>
  <div class='ocr_page' id='page_1' title='image "./carolilinnaeiope00linn_0020.png"; bbox 0 0 1967 2930; ppageno 0'>
   <div class='ocr_carea' id='block_1_1' title="bbox 166 78 1193 108">
    <p class='ocr_par' dir='ltr' id='par_1_1' title="bbox 166 78 1193 108">
     <span class='ocr_line' id='line_1_1' title="bbox 166 78 1193 108; baseline -0.003 -1"><span class='ocrx_word' id='word_1_1' title='bbox 166 82 200 107; x_wconf 72' lang='lat' dir='ltr'>w</span> <span class='ocrx_word' id='word_1_2' title='bbox 207 83 229 108; x_wconf 86' lang='grc' dir='ltr'>Η</span> <span class='ocrx_word' id='word_1_3' title='bbox 826 90 829 92; x_wconf 88' lang='grc'><em>·</em></span> <span class='ocrx_word' id='word_1_4' title='bbox 866 78 1021 108; x_wconf 58' lang='lat' dir='ltr'>Montana</span> <span class='ocrx_word' id='word_1_5' title='bbox 1051 83 1193 106; x_wconf 69' lang='grc' dir='ltr'>εωτοιιιε.</span> 
     </span>
    </p>
   </div>
   <div class='ocr_carea' id='block_1_2' title="bbox 163 155 1885 371">
    <p class='ocr_par' dir='ltr' id='par_1_2' title="bbox 164 155 1885 237">
     <span class='ocr_line' id='line_1_2' title="bbox 231 155 1885 195; baseline -0.002 -10"><span class='ocrx_word' id='word_1_6' title='bbox 231 163 260 193; x_wconf 73' lang='lat'>9)</span> <span class='ocrx_word' id='word_1_7' title='bbox 279 170 309 185; x_wconf 82' lang='lat' dir='ltr'>nc</span> <span class='ocrx_word' id='word_1_8' title='bbox 330 161 474 195; x_wconf 78' lang='lat' dir='ltr'>spatium</span> <span class='ocrx_word' id='word_1_9' title='bbox 499 160 628 185; x_wconf 87' lang='lat' dir='ltr'>nimium</span> <span class='ocrx_word' id='word_1_10' title='bbox 647 161 722 185; x_wconf 86' lang='lat' dir='ltr'>rebus</span> <span class='ocrx_word' id='word_1_11' title='bbox 738 160 930 193; x_wconf 72' lang='lat' dir='ltr'>supervacaneis</span> <span class='ocrx_word' id='word_1_12' title='bbox 943 160 981 193; x_wconf 75' lang='lat'>¹),</span> <span class='ocrx_word' id='word_1_13' title='bbox 1006 158 1154 193; x_wconf 76' lang='lat' dir='ltr'>synonymis</span> <span class='ocrx_word' id='word_1_14' title='bbox 1174 156 1370 184; x_wconf 83' lang='lat' dir='ltr'>obsoletioribus</span> <span class='ocrx_word' id='word_1_15' title='bbox 1389 156 1520 190; x_wconf 76' lang='lat' dir='ltr'><strong><em>(qualibus</em></strong></span> <span class='ocrx_word' id='word_1_16' title='bbox 1541 165 1564 181; x_wconf 83' lang='lat' dir='ltr'>v.</span> <span class='ocrx_word' id='word_1_17' title='bbox 1587 164 1607 183; x_wconf 85' lang='lat' dir='ltr'>c.</span> <span class='ocrx_word' id='word_1_18' title='bbox 1629 155 1746 182; x_wconf 76' lang='lat' dir='ltr'><strong><em>abundat</em></strong></span> <span class='ocrx_word' id='word_1_19' title='bbox 1760 156 1793 182; x_wconf 88' lang='lat' dir='ltr'>H.</span> <span class='ocrx_word' id='word_1_20' title='bbox 1814 156 1885 192; x_wconf 59' lang='lat' dir='ltr'>Cliff.</span> 
     </span>
     <span class='ocr_line' id='line_1_3' title="bbox 164 198 1830 237; baseline -0.002 -9"><span class='ocrx_word' id='word_1_21' title='bbox 164 208 186 228; x_wconf 81' lang='lat' dir='ltr'>ct</span> <span class='ocrx_word' id='word_1_22' title='bbox 208 205 246 228; x_wconf 83' lang='lat' dir='ltr'>Fl.</span> <span class='ocrx_word' id='word_1_23' title='bbox 270 204 372 237; x_wconf 79' lang='lat' dir='ltr'>Lupp.)</span> <span class='ocrx_word' id='word_1_24' title='bbox 394 203 433 227; x_wconf 82' lang='lat' dir='ltr'>vel</span> <span class='ocrx_word' id='word_1_25' title='bbox 450 202 521 226; x_wconf 84' lang='lat' dir='ltr'>nimis</span> <span class='ocrx_word' id='word_1_26' title='bbox 538 202 618 234; x_wconf 82' lang='lat' dir='ltr'>longis</span> <span class='ocrx_word' id='word_1_27' title='bbox 636 202 845 236; x_wconf 73' lang='lat' dir='ltr'>descriptionibus</span> <span class='ocrx_word' id='word_1_28' title='bbox 864 203 1019 236; x_wconf 81' lang='lat' dir='ltr'>perderetur.</span> <span class='ocrx_word' id='word_1_29' title='bbox 1062 201 1103 226; x_wconf 80' lang='lat' dir='ltr'>Ea</span> <span class='ocrx_word' id='word_1_30' title='bbox 1115 208 1214 234; x_wconf 86' lang='lat' dir='ltr'>quoque</span> <span class='ocrx_word' id='word_1_31' title='bbox 1231 200 1255 226; x_wconf 91' lang='lat' dir='ltr'>in</span> <span class='ocrx_word' id='word_1_32' title='bbox 1271 209 1298 226; x_wconf 87' lang='lat' dir='ltr'>re</span> <span class='ocrx_word' id='word_1_33' title='bbox 1314 198 1450 224; x_wconf 77' lang='lat' dir='ltr'>cautissimi</span> <span class='ocrx_word' id='word_1_34' title='bbox 1467 198 1557 224; x_wconf 87' lang='lat' dir='ltr'>fuimus</span> <span class='ocrx_word' id='word_1_35' title='bbox 1572 201 1599 223; x_wconf 90' lang='lat' dir='ltr'>et</span> <span class='ocrx_word' id='word_1_36' title='bbox 1617 199 1723 224; x_wconf 77' lang='lat' dir='ltr'>maxime</span> <span class='ocrx_word' id='word_1_37' title='bbox 1741 199 1830 233; x_wconf 83' lang='lat' dir='ltr'>probi3</span> 
     </span>
    </p>

    <p class='ocr_par' dir='ltr' id='par_1_3' title="bbox 163 248 1885 371">
     <span class='ocr_line' id='line_1_4' title="bbox 230 248 1885 286; baseline -0.002 -7"><span class='ocrx_word' id='word_1_38' title='bbox 230 255 259 286; x_wconf 81' lang='lat'>3)</span> <span class='ocrx_word' id='word_1_39' title='bbox 280 263 309 278; x_wconf 82' lang='lat' dir='ltr'>ne</span> <span class='ocrx_word' id='word_1_40' title='bbox 328 261 432 286; x_wconf 76' lang='lat' dir='ltr'>unquam</span> <span class='ocrx_word' id='word_1_41' title='bbox 452 252 671 285; x_wconf 75' lang='lat' dir='ltr'>oblivisceremur,</span> <span class='ocrx_word' id='word_1_42' title='bbox 696 253 842 286; x_wconf 88' lang='lat' dir='ltr'>principium</span> <span class='ocrx_word' id='word_1_43' title='bbox 861 254 933 286; x_wconf 78' lang='lat' dir='ltr'>hujus</span> <span class='ocrx_word' id='word_1_44' title='bbox 952 252 1067 278; x_wconf 80' lang='lat' dir='ltr'>editionis</span> <span class='ocrx_word' id='word_1_45' title='bbox 1085 260 1156 282; x_wconf 88' lang='lat' dir='ltr'>esse,</span> <span class='ocrx_word' id='word_1_46' title='bbox 1182 254 1214 276; x_wconf 92' lang='lat' dir='ltr'>ut</span> <span class='ocrx_word' id='word_1_47' title='bbox 1233 251 1288 275; x_wconf 86' lang='lat' dir='ltr'>via</span> <span class='ocrx_word' id='word_1_48' title='bbox 1311 252 1493 275; x_wconf 79' lang='lat' dir='ltr'>sternatur</span> <span class='ocrx_word' id='word_1_49' title='bbox 1511 248 1692 282; x_wconf 82' lang='lat' dir='ltr'>aliquando</span> <span class='ocrx_word' id='word_1_50' title='bbox 1710 249 1885 276; x_wconf 77' lang='lat' dir='ltr'>curandae</span> 
     </span>
     <span class='ocr_line' id='line_1_5' title="bbox 163 291 1883 329; baseline -0.001 -9"><span class='ocrx_word' id='word_1_51' title='bbox 163 296 299 329; x_wconf 72' lang='lat' dir='ltr'>Operum</span> <span class='ocrx_word' id='word_1_52' title='bbox 319 296 468 319; x_wconf 74' lang='lat' dir='ltr'>Linnnea</span> <span class='ocrx_word' id='word_1_53' title='bbox 480 302 594 319; x_wconf 84' lang='lat' dir='ltr'>norum</span> <span class='ocrx_word' id='word_1_54' title='bbox 614 295 755 319; x_wconf 83' lang='lat' dir='ltr'>editioni</span> <span class='ocrx_word' id='word_1_55' title='bbox 774 295 992 327; x_wconf 79' lang='lat' dir='ltr'>adstrictissimae,</span> <span class='ocrx_word' id='word_1_56' title='bbox 1010 298 1108 320; x_wconf 79' lang='lat' dir='ltr'>textum</span> <span class='ocrx_word' id='word_1_57' title='bbox 1126 293 1249 319; x_wconf 86' lang='lat' dir='ltr'>nullibi</span> <span class='ocrx_word' id='word_1_58' title='bbox 1275 293 1323 318; x_wconf 83' lang='lat' dir='ltr'>bis</span> <span class='ocrx_word' id='word_1_59' title='bbox 1341 292 1476 318; x_wconf 88' lang='lat' dir='ltr'>eundem</span> <span class='ocrx_word' id='word_1_60' title='bbox 1501 293 1632 317; x_wconf 76' lang='lat' dir='ltr'>referente</span> <span class='ocrx_word' id='word_1_61' title='bbox 1654 295 1731 325; x_wconf 80' lang='lat' dir='ltr'>atque</span> <span class='ocrx_word' id='word_1_62' title='bbox 1748 291 1883 318; x_wconf 81' lang='lat' dir='ltr'>innumeris</span> 
     </span>
     <span class='ocr_line' id='line_1_6' title="bbox 163 336 772 371; baseline 0 -9"><span class='ocrx_word' id='word_1_63' title='bbox 163 338 352 371; x_wconf 68' lang='lat' dir='ltr'>repetitionibus</span> <span class='ocrx_word' id='word_1_64' title='bbox 370 336 519 361; x_wconf 78' lang='lat' dir='ltr'>Liunacnnis</span> <span class='ocrx_word' id='word_1_65' title='bbox 540 337 639 369; x_wconf 83' lang='lat' dir='ltr'>penitus</span> <span class='ocrx_word' id='word_1_66' title='bbox 658 341 772 362; x_wconf 76' lang='lat' dir='ltr'>vacante.</span> 
     </span>
    </p>
   </div>
   <div class='ocr_carea' id='block_1_3' title="bbox 157 380 1884 628">
    <p class='ocr_par' dir='ltr' id='par_1_4' title="bbox 157 380 1884 628">
     <span class='ocr_line' id='line_1_7' title="bbox 262 380 1884 426; baseline -0.002 -12"><span class='ocrx_word' id='word_1_67' title='bbox 262 385 288 424; x_wconf 69' lang='grc' dir='ltr'>ξ.</span> <span class='ocrx_word' id='word_1_68' title='bbox 317 384 364 414; x_wconf 89' lang='lat'>15.</span> <span class='ocrx_word' id='word_1_69' title='bbox 417 384 538 414; x_wconf 77' lang='lat' dir='ltr'>ORDO</span> <span class='ocrx_word' id='word_1_70' title='bbox 566 391 703 414; x_wconf 71' lang='lat' dir='ltr'>servatus</span> <span class='ocrx_word' id='word_1_71' title='bbox 729 385 760 414; x_wconf 89' lang='lat' dir='ltr'>in</span> <span class='ocrx_word' id='word_1_72' title='bbox 783 383 911 415; x_wconf 62' lang='lat' dir='ltr'>edendo</span> <span class='ocrx_word' id='word_1_73' title='bbox 927 386 1019 426; x_wconf 72' lang='lat' dir='ltr'>plane</span> <span class='ocrx_word' id='word_1_74' title='bbox 1045 389 1093 415; x_wconf 82' lang='lat' dir='ltr'>est</span> <span class='ocrx_word' id='word_1_75' title='bbox 1122 383 1270 425; x_wconf 77' lang='lat' dir='ltr'>ille„qui</span> <span class='ocrx_word' id='word_1_76' title='bbox 1299 383 1355 413; x_wconf 86' lang='lat' dir='ltr'>fuit</span> <span class='ocrx_word' id='word_1_77' title='bbox 1384 383 1415 413; x_wconf 85' lang='lat' dir='ltr'>in</span> <span class='ocrx_word' id='word_1_78' title='bbox 1437 381 1580 423; x_wconf 86' lang='lat' dir='ltr'>operibus</span> <span class='ocrx_word' id='word_1_79' title='bbox 1602 380 1807 419; x_wconf 83' lang='lat' dir='ltr'>Linnaeanis,</span> <span class='ocrx_word' id='word_1_80' title='bbox 1834 383 1884 412; x_wconf 85' lang='lat' dir='ltr'>vel</span> 
     </span>
     <span class='ocr_line' id='line_1_8' title="bbox 162 431 1884 477; baseline 0 -14"><span class='ocrx_word' id='word_1_81' title='bbox 162 435 268 464; x_wconf 79' lang='lat' dir='ltr'>suisset</span> <span class='ocrx_word' id='word_1_82' title='bbox 298 441 395 473; x_wconf 76' lang='lat' dir='ltr'>cci-te,</span> <span class='ocrx_word' id='word_1_83' title='bbox 423 435 449 464; x_wconf 87' lang='lat' dir='ltr'>si</span> <span class='ocrx_word' id='word_1_84' title='bbox 482 436 627 473; x_wconf 75' lang='lat' dir='ltr'>Systema</span> <span class='ocrx_word' id='word_1_85' title='bbox 658 435 876 475; x_wconf 68' lang='lat' dir='ltr'>Vegetaht&#39;lt&#39;mn</span> <span class='ocrx_word' id='word_1_86' title='bbox 902 437 1070 477; x_wconf 75' lang='lat' dir='ltr'>perfectum</span> <span class='ocrx_word' id='word_1_87' title='bbox 1104 435 1145 464; x_wconf 82' lang='lat' dir='ltr'>ita</span> <span class='ocrx_word' id='word_1_88' title='bbox 1177 439 1211 463; x_wconf 86' lang='lat' dir='ltr'>ut</span> <span class='ocrx_word' id='word_1_89' title='bbox 1239 433 1386 474; x_wconf 78' lang='lat' dir='ltr'>Systema</span> <span class='ocrx_word' id='word_1_90' title='bbox 1415 434 1602 463; x_wconf 80' lang='lat' dir='ltr'>Animalium</span> <span class='ocrx_word' id='word_1_91' title='bbox 1628 431 1884 473; x_wconf 67' lang='lat' dir='ltr'>illitteraliamque</span> 
     </span>
     <span class='ocr_line' id='line_1_9' title="bbox 160 484 1883 527; baseline -0.001 -13"><span class='ocrx_word' id='word_1_92' title='bbox 160 486 276 515; x_wconf 85' lang='lat' dir='ltr'>simul</span> <span class='ocrx_word' id='word_1_93' title='bbox 307 484 422 514; x_wconf 81' lang='lat' dir='ltr'>editum</span> <span class='ocrx_word' id='word_1_94' title='bbox 451 491 548 522; x_wconf 87' lang='lat' dir='ltr'>esset,</span> <span class='ocrx_word' id='word_1_95' title='bbox 576 496 672 526; x_wconf 85' lang='lat' dir='ltr'>neque</span> <span class='ocrx_word' id='word_1_96' title='bbox 698 497 772 516; x_wconf 81' lang='lat' dir='ltr'>vero</span> <span class='ocrx_word' id='word_1_97' title='bbox 803 492 959 526; x_wconf 78' lang='lat' dir='ltr'><strong>tamquam</strong></span> <span class='ocrx_word' id='word_1_98' title='bbox 988 484 1273 527; x_wconf 83' lang='lat' dir='ltr'>compendium</span> <span class='ocrx_word' id='word_1_99' title='bbox 1303 495 1337 514; x_wconf 82' lang='lat' dir='ltr'>ac</span> <span class='ocrx_word' id='word_1_100' title='bbox 1373 484 1700 525; x_wconf 82' lang='lat' dir='ltr'>supplementum</span> <span class='ocrx_word' id='word_1_101' title='bbox 1727 484 1883 514; x_wconf 80' lang='lat' dir='ltr'>Generum</span> 
     </span>
     <span class='ocr_line' id='line_1_10' title="bbox 159 532 1883 579; baseline 0 -15"><span class='ocrx_word' id='word_1_102' title='bbox 159 542 186 565; x_wconf 80' lang='lat' dir='ltr'>et</span> <span class='ocrx_word' id='word_1_103' title='bbox 204 537 381 576; x_wconf 76' lang='lat' dir='ltr'>Speciermn</span> <span class='ocrx_word' id='word_1_104' title='bbox 404 538 584 577; x_wconf 81' lang='lat' dir='ltr'>plantarum</span> <span class='ocrx_word' id='word_1_105' title='bbox 607 537 692 566; x_wconf 82' lang='lat' dir='ltr'>vario</span> <span class='ocrx_word' id='word_1_106' title='bbox 720 543 855 579; x_wconf 79' lang='lat' dir='ltr'>ternpore</span> <span class='ocrx_word' id='word_1_107' title='bbox 883 543 972 566; x_wconf 83' lang='lat' dir='ltr'>antea</span> <span class='ocrx_word' id='word_1_108' title='bbox 1004 536 1156 566; x_wconf 88' lang='lat' dir='ltr'>editorum</span> <span class='ocrx_word' id='word_1_109' title='bbox 1181 537 1382 577; x_wconf 80' lang='lat' dir='ltr'>apparuisset.</span> <span class='ocrx_word' id='word_1_110' title='bbox 1435 534 1576 564; x_wconf 78' lang='lat' dir='ltr'>Breviter</span> <span class='ocrx_word' id='word_1_111' title='bbox 1603 532 1770 564; x_wconf 87' lang='lat' dir='ltr'>secundum</span> <span class='ocrx_word' id='word_1_112' title='bbox 1802 535 1883 564; x_wconf 87' lang='lat' dir='ltr'>hunc</span> 
     </span>
     <span class='ocr_line' id='line_1_11' title="bbox 157 585 1192 628; baseline 0 -13"><span class='ocrx_word' id='word_1_113' title='bbox 157 586 297 616; x_wconf 85' lang='lat' dir='ltr'>ordinem</span> <span class='ocrx_word' id='word_1_114' title='bbox 318 585 365 626; x_wconf 55' lang='grc' dir='ltr'>ξς.</span> <span class='ocrx_word' id='word_1_115' title='bbox 397 587 592 627; x_wconf 86' lang='lat' dir='ltr'>sequentibus</span> <span class='ocrx_word' id='word_1_116' title='bbox 618 589 788 628; x_wconf 82' lang='lat'>(16—26.)</span> <span class='ocrx_word' id='word_1_117' title='bbox 810 589 1036 618; x_wconf 81' lang='lat' dir='ltr'>recensebimus</span> <span class='ocrx_word' id='word_1_118' title='bbox 1062 587 1192 626; x_wconf 80' lang='lat' dir='ltr'>singula.</span> 
     </span>
    </p>
   </div>
   <div class='ocr_carea' id='block_1_4' title="bbox 152 651 1880 949">
    <p class='ocr_par' dir='ltr' id='par_1_5' title="bbox 152 651 1880 949">
     <span class='ocr_line' id='line_1_12' title="bbox 259 651 1880 697; baseline -0.001 -14"><span class='ocrx_word' id='word_1_119' title='bbox 259 653 285 693; x_wconf 67' lang='grc' dir='ltr'>ξ.</span> <span class='ocrx_word' id='word_1_120' title='bbox 308 655 355 683; x_wconf 92' lang='grc'>16.</span> <span class='ocrx_word' id='word_1_121' title='bbox 386 654 692 685; x_wconf 70' lang='lat' dir='ltr'>PRAEFATIONES</span> <span class='ocrx_word' id='word_1_122' title='bbox 715 655 813 696; x_wconf 87' lang='lat' dir='ltr'>primo</span> <span class='ocrx_word' id='word_1_123' title='bbox 838 656 948 697; x_wconf 81' lang='lat' dir='ltr'>accipis</span> <span class='ocrx_word' id='word_1_124' title='bbox 966 656 1213 685; x_wconf 84' lang='lat' dir='ltr'>Linnaeanorum</span> <span class='ocrx_word' id='word_1_125' title='bbox 1233 662 1363 694; x_wconf 90' lang='lat' dir='ltr'>operum</span> <span class='ocrx_word' id='word_1_126' title='bbox 1379 651 1439 681; x_wconf 89' lang='lat' dir='ltr'>hoc</span> <span class='ocrx_word' id='word_1_127' title='bbox 1465 651 1625 682; x_wconf 83' lang='lat' dir='ltr'>volumine</span> <span class='ocrx_word' id='word_1_128' title='bbox 1648 657 1880 690; x_wconf 78' lang='lat' dir='ltr'>contractorum,</span> 
     </span>
     <span class='ocr_line' id='line_1_13' title="bbox 155 702 1879 746; baseline 0 -12"><span class='ocrx_word' id='word_1_129' title='bbox 155 703 298 743; x_wconf 82' lang='lat' dir='ltr'>Systema</span> <span class='ocrx_word' id='word_1_130' title='bbox 319 705 546 743; x_wconf 66' lang='lat' dir='ltr'>Vegetabiliuin</span> <span class='ocrx_word' id='word_1_131' title='bbox 574 716 605 735; x_wconf 89' lang='lat' dir='ltr'>re</span> <span class='ocrx_word' id='word_1_132' title='bbox 630 716 701 735; x_wconf 84' lang='lat' dir='ltr'>vera</span> <span class='ocrx_word' id='word_1_133' title='bbox 732 707 926 736; x_wconf 73' lang='lat' dir='ltr'>efficientium</span> <span class='ocrx_word' id='word_1_134' title='bbox 952 706 995 746; x_wconf 66' lang='grc' dir='ltr'>(ξ.</span> <span class='ocrx_word' id='word_1_135' title='bbox 1011 706 1041 737; x_wconf 91' lang='grc'>5.</span> <span class='ocrx_word' id='word_1_136' title='bbox 1065 708 1092 736; x_wconf 90' lang='grc'>1.</span> <span class='ocrx_word' id='word_1_137' title='bbox 1119 711 1149 735; x_wconf 88' lang='lat' dir='ltr'>et</span> <span class='ocrx_word' id='word_1_138' title='bbox 1181 704 1254 746; x_wconf 87' lang='lat' dir='ltr'>Cap.</span> <span class='ocrx_word' id='word_1_139' title='bbox 1281 703 1320 734; x_wconf 94' lang='lat' dir='ltr'>II.</span> <span class='ocrx_word' id='word_1_140' title='bbox 1343 704 1490 742; x_wconf 85' lang='lat'>1—-18.).</span> <span class='ocrx_word' id='word_1_141' title='bbox 1550 702 1783 744; x_wconf 81' lang='lat' dir='ltr'>Discrepantia,</span> <span class='ocrx_word' id='word_1_142' title='bbox 1818 705 1879 734; x_wconf 84' lang='lat' dir='ltr'>nisi</span> 
     </span>
     <span class='ocr_line' id='line_1_14' title="bbox 154 752 1880 796; baseline -0.001 -12"><span class='ocrx_word' id='word_1_143' title='bbox 154 756 327 793; x_wconf 77' lang='lat' dir='ltr'>levissima,</span> <span class='ocrx_word' id='word_1_144' title='bbox 359 755 461 785; x_wconf 77' lang='lat' dir='ltr'>addita</span> <span class='ocrx_word' id='word_1_145' title='bbox 482 762 560 786; x_wconf 86' lang='lat' dir='ltr'>sunt.</span> <span class='ocrx_word' id='word_1_146' title='bbox 606 756 742 786; x_wconf 87' lang='lat' dir='ltr'>Seorsim</span> <span class='ocrx_word' id='word_1_147' title='bbox 763 756 940 787; x_wconf 78' lang='lat' dir='ltr'>excudenda</span> <span class='ocrx_word' id='word_1_148' title='bbox 963 763 1027 787; x_wconf 85' lang='lat' dir='ltr'>erat</span> <span class='ocrx_word' id='word_1_149' title='bbox 1045 755 1232 787; x_wconf 78' lang='lat' dir='ltr'>Introductio</span> <span class='ocrx_word' id='word_1_150' title='bbox 1254 754 1338 794; x_wconf 86' lang='lat' dir='ltr'>Syst.</span> <span class='ocrx_word' id='word_1_151' title='bbox 1354 753 1480 785; x_wconf 75' lang='lat' dir='ltr'>I—-VL</span> <span class='ocrx_word' id='word_1_152' title='bbox 1500 764 1518 782; x_wconf 83' lang='lat' dir='ltr'>a</span> <span class='ocrx_word' id='word_1_153' title='bbox 1543 753 1575 784; x_wconf 87' lang='lat' dir='ltr'>S.</span> <span class='ocrx_word' id='word_1_154' title='bbox 1591 752 1766 784; x_wconf 82' lang='grc' dir='ltr'>Χ-ΧῙΠ.</span> <span class='ocrx_word' id='word_1_155' title='bbox 1788 755 1880 796; x_wconf 81' lang='lat' dir='ltr'>plane</span> 
     </span>
     <span class='ocr_line' id='line_1_15' title="bbox 156 804 1880 847; baseline 0.001 -13"><span class='ocrx_word' id='word_1_156' title='bbox 156 805 295 843; x_wconf 80' lang='lat' dir='ltr'>diversa,</span> <span class='ocrx_word' id='word_1_157' title='bbox 325 812 353 835; x_wconf 82' lang='lat' dir='ltr'>et</span> <span class='ocrx_word' id='word_1_158' title='bbox 374 808 521 847; x_wconf 82' lang='lat' dir='ltr'>praefatio</span> <span class='ocrx_word' id='word_1_159' title='bbox 552 806 702 847; x_wconf 71' lang='lat' dir='ltr'>quaedam</span> <span class='ocrx_word' id='word_1_160' title='bbox 727 813 843 837; x_wconf 85' lang='lat' dir='ltr'>tantum</span> <span class='ocrx_word' id='word_1_161' title='bbox 866 809 899 838; x_wconf 85' lang='lat' dir='ltr'>in</span> <span class='ocrx_word' id='word_1_162' title='bbox 922 808 952 838; x_wconf 90' lang='lat' dir='ltr'>S.</span> <span class='ocrx_word' id='word_1_163' title='bbox 966 808 1010 838; x_wconf 89' lang='lat' dir='ltr'>X.</span> <span class='ocrx_word' id='word_1_164' title='bbox 1033 818 1071 837; x_wconf 83' lang='lat' dir='ltr'>ex</span> <span class='ocrx_word' id='word_1_165' title='bbox 1086 808 1186 845; x_wconf 77' lang='lat' dir='ltr'>libita,</span> <span class='ocrx_word' id='word_1_166' title='bbox 1217 817 1273 836; x_wconf 90' lang='lat' dir='ltr'>nec</span> <span class='ocrx_word' id='word_1_167' title='bbox 1297 805 1405 835; x_wconf 85' lang='lat' dir='ltr'>serius.</span> <span class='ocrx_word' id='word_1_168' title='bbox 1455 804 1593 835; x_wconf 84' lang='lat' dir='ltr'>Minores</span> <span class='ocrx_word' id='word_1_169' title='bbox 1617 804 1767 846; x_wconf 81' lang='lat' dir='ltr'>quasdam</span> <span class='ocrx_word' id='word_1_170' title='bbox 1789 816 1880 847; x_wconf 80' lang='lat' dir='ltr'>prae-</span> 
     </span>
     <span class='ocr_line' id='line_1_16' title="bbox 155 855 1879 900; baseline 0.001 -15"><span class='ocrx_word' id='word_1_171' title='bbox 155 858 285 886; x_wconf 73' lang='lat' dir='ltr'>fationes</span> <span class='ocrx_word' id='word_1_172' title='bbox 317 862 424 888; x_wconf 78' lang='lat' dir='ltr'>contra</span> <span class='ocrx_word' id='word_1_173' title='bbox 452 859 588 888; x_wconf 77' lang='lat' dir='ltr'>ordinem</span> <span class='ocrx_word' id='word_1_174' title='bbox 618 859 856 900; x_wconf 78' lang='lat' dir='ltr'>chronologicum</span> <span class='ocrx_word' id='word_1_175' title='bbox 883 870 899 889; x_wconf 87' lang='lat' dir='ltr'>e</span> <span class='ocrx_word' id='word_1_176' title='bbox 929 859 1096 889; x_wconf 82' lang='lat' dir='ltr'>rationibus</span> <span class='ocrx_word' id='word_1_177' title='bbox 1127 857 1325 900; x_wconf 81' lang='lat' dir='ltr'>typotheticis</span> <span class='ocrx_word' id='word_1_178' title='bbox 1354 855 1579 898; x_wconf 85' lang='lat' dir='ltr'>disposuimus,</span> <span class='ocrx_word' id='word_1_179' title='bbox 1603 856 1686 898; x_wconf 86' lang='lat' dir='ltr'>quod</span> <span class='ocrx_word' id='word_1_180' title='bbox 1708 857 1764 887; x_wconf 81' lang='lat' dir='ltr'>vix</span> <span class='ocrx_word' id='word_1_181' title='bbox 1796 857 1879 887; x_wconf 86' lang='lat' dir='ltr'>vitu-</span> 
     </span>
     <span class='ocr_line' id='line_1_17' title="bbox 152 908 282 949; baseline 0 -12"><span class='ocrx_word' id='word_1_182' title='bbox 152 908 282 949; x_wconf 84' lang='lat' dir='ltr'>perabis.</span> 
     </span>
    </p>
   </div>
   <div class='ocr_carea' id='block_1_5' title="bbox 145 953 1878 1841">
    <p class='ocr_par' dir='ltr' id='par_1_6' title="bbox 223 953 1271 989">
     <span class='ocr_line' id='line_1_18' title="bbox 223 953 1271 989; baseline 0.002 -12"><span class='ocrx_word' id='word_1_183' title='bbox 223 954 289 978; x_wconf 76' lang='lat' dir='ltr'>Obs.</span> <span class='ocrx_word' id='word_1_184' title='bbox 327 953 455 979; x_wconf 84' lang='lat' dir='ltr'>Omissa</span> <span class='ocrx_word' id='word_1_185' title='bbox 474 963 487 979; x_wconf 88' lang='lat' dir='ltr'>e</span> <span class='ocrx_word' id='word_1_186' title='bbox 507 953 576 978; x_wconf 83' lang='lat' dir='ltr'>libris</span> <span class='ocrx_word' id='word_1_187' title='bbox 598 953 670 977; x_wconf 84' lang='lat' dir='ltr'>dictis</span> <span class='ocrx_word' id='word_1_188' title='bbox 689 954 727 985; x_wconf 71' lang='lat' dir='ltr'>(S.</span> <span class='ocrx_word' id='word_1_189' title='bbox 749 954 771 980; x_wconf 86' lang='lat'>5.</span> <span class='ocrx_word' id='word_1_190' title='bbox 788 954 830 986; x_wconf 82' lang='grc'>1.)</span> <span class='ocrx_word' id='word_1_191' title='bbox 850 957 909 988; x_wconf 80' lang='lat' dir='ltr'>post</span> <span class='ocrx_word' id='word_1_192' title='bbox 922 955 1095 989; x_wconf 77' lang='lat' dir='ltr'>praefationes</span> <span class='ocrx_word' id='word_1_193' title='bbox 1118 954 1181 979; x_wconf 87' lang='lat' dir='ltr'>haec</span> <span class='ocrx_word' id='word_1_194' title='bbox 1197 956 1271 979; x_wconf 81' lang='lat' dir='ltr'>sunt:</span> 
     </span>
    </p>

    <p class='ocr_par' dir='ltr' id='par_1_7' title="bbox 152 994 1877 1071">
     <span class='ocr_line' id='line_1_19' title="bbox 223 994 1877 1032; baseline 0 -11"><span class='ocrx_word' id='word_1_195' title='bbox 223 996 250 1028; x_wconf 90' lang='lat'>1)</span> <span class='ocrx_word' id='word_1_196' title='bbox 270 997 451 1021; x_wconf 71' lang='lat' dir='ltr'>Aue-torum</span> <span class='ocrx_word' id='word_1_197' title='bbox 470 1000 671 1028; x_wconf 82' lang='lat' dir='ltr'>conspectus</span> <span class='ocrx_word' id='word_1_198' title='bbox 690 996 714 1021; x_wconf 90' lang='lat' dir='ltr'>in</span> <span class='ocrx_word' id='word_1_199' title='bbox 733 997 767 1022; x_wconf 89' lang='lat' dir='ltr'>G.</span> <span class='ocrx_word' id='word_1_200' title='bbox 777 997 795 1021; x_wconf 92' lang='lat' dir='ltr'>I.</span> <span class='ocrx_word' id='word_1_201' title='bbox 810 997 857 1028; x_wconf 88' lang='lat'>11.,</span> <span class='ocrx_word' id='word_1_202' title='bbox 876 1001 902 1022; x_wconf 88' lang='lat' dir='ltr'>et</span> <span class='ocrx_word' id='word_1_203' title='bbox 915 997 940 1022; x_wconf 90' lang='lat' dir='ltr'>in</span> <span class='ocrx_word' id='word_1_204' title='bbox 965 998 1007 1032; x_wconf 83' lang='lat' dir='ltr'>Sp.</span> <span class='ocrx_word' id='word_1_205' title='bbox 1028 997 1046 1022; x_wconf 95' lang='lat'>1.</span> <span class='ocrx_word' id='word_1_206' title='bbox 1062 997 1094 1023; x_wconf 88' lang='grc' dir='ltr'>ΙΙ.</span> <span class='ocrx_word' id='word_1_207' title='bbox 1119 996 1231 1023; x_wconf 75' lang='lat' dir='ltr'>exhibiti.</span> <span class='ocrx_word' id='word_1_208' title='bbox 1274 995 1384 1027; x_wconf 83' lang='lat' dir='ltr'>Qualem</span> <span class='ocrx_word' id='word_1_209' title='bbox 1404 994 1503 1028; x_wconf 88' lang='lat' dir='ltr'>quidem</span> <span class='ocrx_word' id='word_1_210' title='bbox 1521 995 1599 1021; x_wconf 87' lang='lat' dir='ltr'>multo</span> <span class='ocrx_word' id='word_1_211' title='bbox 1615 995 1752 1020; x_wconf 80' lang='lat' dir='ltr'>auctiorem</span> <span class='ocrx_word' id='word_1_212' title='bbox 1765 995 1790 1020; x_wconf 90' lang='lat' dir='ltr'>in</span> <span class='ocrx_word' id='word_1_213' title='bbox 1807 1003 1877 1021; x_wconf 84' lang='lat' dir='ltr'>usum</span> 
     </span>
     <span class='ocr_line' id='line_1_20' title="bbox 152 1038 1775 1071; baseline 0.001 -7"><span class='ocrx_word' id='word_1_214' title='bbox 152 1039 326 1064; x_wconf 88' lang='lat' dir='ltr'>botanicorum</span> <span class='ocrx_word' id='word_1_215' title='bbox 343 1038 368 1062; x_wconf 88' lang='lat' dir='ltr'>in</span> <span class='ocrx_word' id='word_1_216' title='bbox 388 1038 438 1062; x_wconf 81' lang='lat' dir='ltr'>fine</span> <span class='ocrx_word' id='word_1_217' title='bbox 458 1038 513 1063; x_wconf 84' lang='lat' dir='ltr'>libri</span> <span class='ocrx_word' id='word_1_218' title='bbox 532 1038 701 1071; x_wconf 78' lang='lat' dir='ltr'>adjungemus.</span> <span class='ocrx_word' id='word_1_219' title='bbox 1767 1044 1775 1052; x_wconf 83' lang='lat'>&#39;</span> 
     </span>
    </p>

    <p class='ocr_par' dir='ltr' id='par_1_8' title="bbox 148 1079 1878 1539">
     <span class='ocr_line' id='line_1_21' title="bbox 220 1079 1878 1115; baseline 0.001 -10"><span class='ocrx_word' id='word_1_220' title='bbox 220 1082 248 1113; x_wconf 66' lang='lat'>2)</span> <span class='ocrx_word' id='word_1_221' title='bbox 281 1081 487 1114; x_wconf 78' lang='lat' dir='ltr'>Conspectus</span> <span class='ocrx_word' id='word_1_222' title='bbox 518 1082 682 1106; x_wconf 84' lang='lat' dir='ltr'>nominum</span> <span class='ocrx_word' id='word_1_223' title='bbox 707 1081 948 1114; x_wconf 71' lang='lat' dir='ltr'>genericorum</span> <span class='ocrx_word' id='word_1_224' title='bbox 974 1081 1004 1106; x_wconf 87' lang='lat' dir='ltr'>ad</span> <span class='ocrx_word' id='word_1_225' title='bbox 1029 1082 1149 1114; x_wconf 85' lang='lat' dir='ltr'>Systema</span> <span class='ocrx_word' id='word_1_226' title='bbox 1172 1081 1346 1107; x_wconf 86' lang='lat' dir='ltr'>Linnaeanum</span> <span class='ocrx_word' id='word_1_227' title='bbox 1366 1079 1512 1114; x_wconf 81' lang='lat' dir='ltr'>dispositus.</span> <span class='ocrx_word' id='word_1_228' title='bbox 1554 1079 1647 1106; x_wconf 83' lang='lat' dir='ltr'>Talem</span> <span class='ocrx_word' id='word_1_229' title='bbox 1671 1089 1749 1115; x_wconf 85' lang='lat' dir='ltr'>saepe</span> <span class='ocrx_word' id='word_1_230' title='bbox 1766 1081 1878 1115; x_wconf 90' lang='lat' dir='ltr'>promul—</span> 
     </span>
     <span class='ocr_line' id='line_1_22' title="bbox 151 1122 1878 1158; baseline 0.001 -11"><span class='ocrx_word' id='word_1_231' title='bbox 151 1123 223 1156; x_wconf 76' lang='lat' dir='ltr'>gavit</span> <span class='ocrx_word' id='word_1_232' title='bbox 240 1123 411 1154; x_wconf 82' lang='lat' dir='ltr'>Liunaeanus,</span> <span class='ocrx_word' id='word_1_233' title='bbox 434 1123 465 1148; x_wconf 91' lang='lat' dir='ltr'>de</span> <span class='ocrx_word' id='word_1_234' title='bbox 482 1123 632 1156; x_wconf 76' lang='lat' dir='ltr'>divulgando</span> <span class='ocrx_word' id='word_1_235' title='bbox 650 1126 788 1155; x_wconf 76' lang='lat' dir='ltr'>systemate</span> <span class='ocrx_word' id='word_1_236' title='bbox 807 1126 866 1149; x_wconf 90' lang='lat' dir='ltr'>tunc</span> <span class='ocrx_word' id='word_1_237' title='bbox 883 1124 962 1149; x_wconf 90' lang='lat' dir='ltr'>minus</span> <span class='ocrx_word' id='word_1_238' title='bbox 980 1124 1079 1157; x_wconf 83' lang='lat' dir='ltr'>cognito</span> <span class='ocrx_word' id='word_1_239' title='bbox 1098 1124 1226 1149; x_wconf 82' lang='lat' dir='ltr'>sollicitus.</span> <span class='ocrx_word' id='word_1_240' title='bbox 1262 1125 1370 1158; x_wconf 78' lang='lat' dir='ltr'>System.</span> <span class='ocrx_word' id='word_1_241' title='bbox 1391 1127 1504 1149; x_wconf 81' lang='lat' dir='ltr'>naturae</span> <span class='ocrx_word' id='word_1_242' title='bbox 1526 1122 1606 1156; x_wconf 89' lang='lat' dir='ltr'>ipsius</span> <span class='ocrx_word' id='word_1_243' title='bbox 1626 1123 1677 1148; x_wconf 81' lang='lat' dir='ltr'>Ed.</span> <span class='ocrx_word' id='word_1_244' title='bbox 1686 1124 1708 1149; x_wconf 89' lang='lat'>1.</span> <span class='ocrx_word' id='word_1_245' title='bbox 1732 1127 1758 1149; x_wconf 88' lang='lat' dir='ltr'>et</span> <span class='ocrx_word' id='word_1_246' title='bbox 1777 1124 1812 1149; x_wconf 86' lang='lat' dir='ltr'>II.</span> <span class='ocrx_word' id='word_1_247' title='bbox 1838 1124 1878 1149; x_wconf 93' lang='lat' dir='ltr'>ni-</span> 
     </span>
     <span class='ocr_line' id='line_1_23' title="bbox 152 1165 1872 1201; baseline 0.001 -11"><span class='ocrx_word' id='word_1_248' title='bbox 152 1166 185 1191; x_wconf 91' lang='lat' dir='ltr'>hil</span> <span class='ocrx_word' id='word_1_249' title='bbox 203 1165 266 1190; x_wconf 84' lang='lat' dir='ltr'>aliud</span> <span class='ocrx_word' id='word_1_250' title='bbox 285 1166 397 1190; x_wconf 85' lang='lat' dir='ltr'>referunt</span> <span class='ocrx_word' id='word_1_251' title='bbox 415 1166 462 1190; x_wconf 85' lang='lat' dir='ltr'>nisi</span> <span class='ocrx_word' id='word_1_252' title='bbox 480 1165 598 1198; x_wconf 87' lang='lat' dir='ltr'>ejusmodi</span> <span class='ocrx_word' id='word_1_253' title='bbox 616 1166 728 1190; x_wconf 87' lang='lat' dir='ltr'>indicem.</span> <span class='ocrx_word' id='word_1_254' title='bbox 770 1166 841 1192; x_wconf 81' lang='lat' dir='ltr'>Inter</span> <span class='ocrx_word' id='word_1_255' title='bbox 859 1171 990 1201; x_wconf 84' lang='lat' dir='ltr'>utramque</span> <span class='ocrx_word' id='word_1_256' title='bbox 1008 1166 1058 1193; x_wconf 91' lang='lat' dir='ltr'>bis</span> <span class='ocrx_word' id='word_1_257' title='bbox 1076 1167 1150 1192; x_wconf 89' lang='lat' dir='ltr'>talem</span> <span class='ocrx_word' id='word_1_258' title='bbox 1163 1167 1341 1201; x_wconf 80' lang='lat' dir='ltr'>promulgavit,</span> <span class='ocrx_word' id='word_1_259' title='bbox 1360 1167 1470 1192; x_wconf 80' lang='lat' dir='ltr'>alterum</span> <span class='ocrx_word' id='word_1_260' title='bbox 1489 1165 1537 1198; x_wconf 92' lang='lat' dir='ltr'>(ob</span> <span class='ocrx_word' id='word_1_261' title='bbox 1552 1165 1657 1190; x_wconf 83' lang='lat' dir='ltr'>Genera</span> <span class='ocrx_word' id='word_1_262' title='bbox 1675 1175 1741 1192; x_wconf 88' lang='lat' dir='ltr'>nova</span> <span class='ocrx_word' id='word_1_263' title='bbox 1759 1167 1784 1192; x_wconf 93' lang='lat' dir='ltr'>in</span> <span class='ocrx_word' id='word_1_264' title='bbox 1802 1167 1835 1192; x_wconf 84' lang='lat' dir='ltr'>G.</span> <span class='ocrx_word' id='word_1_265' title='bbox 1850 1167 1872 1192; x_wconf 92' lang='lat' dir='ltr'>I.</span> 
     </span>
     <span class='ocr_line' id='line_1_24' title="bbox 152 1207 1878 1243; baseline 0.001 -10"><span class='ocrx_word' id='word_1_266' title='bbox 152 1211 177 1233; x_wconf 88' lang='lat' dir='ltr'>et</span> <span class='ocrx_word' id='word_1_267' title='bbox 195 1207 332 1233; x_wconf 91' lang='lat' dir='ltr'>Corollario</span> <span class='ocrx_word' id='word_1_268' title='bbox 351 1217 406 1240; x_wconf 80' lang='lat' dir='ltr'>gen.</span> <span class='ocrx_word' id='word_1_269' title='bbox 424 1208 518 1242; x_wconf 87' lang='lat' dir='ltr'>publici</span> <span class='ocrx_word' id='word_1_270' title='bbox 535 1208 595 1239; x_wconf 81' lang='lat' dir='ltr'>iuris</span> <span class='ocrx_word' id='word_1_271' title='bbox 612 1209 694 1241; x_wconf 86' lang='lat' dir='ltr'>facta)</span> <span class='ocrx_word' id='word_1_272' title='bbox 713 1209 814 1234; x_wconf 81' lang='lat' dir='ltr'>nornine</span> <span class='ocrx_word' id='word_1_273' title='bbox 838 1210 1039 1240; x_wconf 80' lang='lat' dir='ltr'>„Methodus</span> <span class='ocrx_word' id='word_1_274' title='bbox 1064 1209 1255 1241; x_wconf 76' lang='lat' dir='ltr'>sexualis&#39;&#39;‚</span> <span class='ocrx_word' id='word_1_275' title='bbox 1279 1211 1389 1234; x_wconf 84' lang='lat' dir='ltr'>alterum</span> <span class='ocrx_word' id='word_1_276' title='bbox 1412 1209 1441 1233; x_wconf 90' lang='lat' dir='ltr'>in</span> <span class='ocrx_word' id='word_1_277' title='bbox 1456 1208 1522 1233; x_wconf 76' lang='lat' dir='ltr'>libro</span> <span class='ocrx_word' id='word_1_278' title='bbox 1547 1208 1710 1239; x_wconf 81' lang='lat' dir='ltr'>„Classes</span> <span class='ocrx_word' id='word_1_279' title='bbox 1734 1210 1878 1243; x_wconf 84' lang='lat' dir='ltr'>planta-</span> 
     </span>
     <span class='ocr_line' id='line_1_25' title="bbox 151 1250 1877 1285; baseline 0.001 -9"><span class='ocrx_word' id='word_1_280' title='bbox 151 1250 243 1278; x_wconf 66' lang='lat' dir='ltr'>rum,&#39;&#39;</span> <span class='ocrx_word' id='word_1_281' title='bbox 261 1259 286 1283; x_wconf 83' lang='lat' dir='ltr'>p.</span> <span class='ocrx_word' id='word_1_282' title='bbox 303 1250 359 1275; x_wconf 67' lang='lat'>445.</span> <span class='ocrx_word' id='word_1_283' title='bbox 381 1260 433 1283; x_wconf 85' lang='lat' dir='ltr'>sq.‚</span> <span class='ocrx_word' id='word_1_284' title='bbox 456 1251 541 1284; x_wconf 85' lang='lat' dir='ltr'>paucis</span> <span class='ocrx_word' id='word_1_285' title='bbox 559 1251 691 1283; x_wconf 79' lang='lat' dir='ltr'>generibus</span> <span class='ocrx_word' id='word_1_286' title='bbox 709 1256 817 1276; x_wconf 88' lang='lat' dir='ltr'>auctum.</span> <span class='ocrx_word' id='word_1_287' title='bbox 860 1251 958 1276; x_wconf 86' lang='lat' dir='ltr'>Deinde</span> <span class='ocrx_word' id='word_1_288' title='bbox 970 1251 1062 1277; x_wconf 84' lang='lat' dir='ltr'>similes</span> <span class='ocrx_word' id='word_1_289' title='bbox 1077 1252 1258 1278; x_wconf 87' lang='lat' dir='ltr'>convenienter</span> <span class='ocrx_word' id='word_1_290' title='bbox 1275 1256 1362 1277; x_wconf 87' lang='lat' dir='ltr'>auctos</span> <span class='ocrx_word' id='word_1_291' title='bbox 1377 1251 1471 1276; x_wconf 87' lang='lat' dir='ltr'>indices</span> <span class='ocrx_word' id='word_1_292' title='bbox 1484 1252 1513 1276; x_wconf 86' lang='lat' dir='ltr'>in</span> <span class='ocrx_word' id='word_1_293' title='bbox 1537 1251 1663 1276; x_wconf 80' lang='lat' dir='ltr'>Generum</span> <span class='ocrx_word' id='word_1_294' title='bbox 1677 1252 1713 1285; x_wconf 82' lang='lat' dir='ltr'>pl.</span> <span class='ocrx_word' id='word_1_295' title='bbox 1739 1252 1776 1276; x_wconf 82' lang='lat' dir='ltr'>ed.</span> <span class='ocrx_word' id='word_1_296' title='bbox 1794 1252 1828 1278; x_wconf 89' lang='lat' dir='ltr'>II.</span> <span class='ocrx_word' id='word_1_297' title='bbox 1851 1256 1877 1278; x_wconf 75' lang='lat' dir='ltr'>et</span> 
     </span>
     <span class='ocr_line' id='line_1_26' title="bbox 154 1293 1876 1328; baseline 0 -10"><span class='ocrx_word' id='word_1_298' title='bbox 154 1294 196 1324; x_wconf 72' lang='lat'>1⁷.,</span> <span class='ocrx_word' id='word_1_299' title='bbox 209 1293 306 1317; x_wconf 90' lang='lat' dir='ltr'>nomine</span> <span class='ocrx_word' id='word_1_300' title='bbox 324 1293 428 1323; x_wconf 77' lang='lat' dir='ltr'>„Ordo</span> <span class='ocrx_word' id='word_1_301' title='bbox 447 1294 511 1318; x_wconf 84' lang='lat' dir='ltr'>Gen</span> <span class='ocrx_word' id='word_1_302' title='bbox 522 1294 638 1324; x_wconf 75' lang='lat' dir='ltr'>erum”‚</span> <span class='ocrx_word' id='word_1_303' title='bbox 659 1298 683 1319; x_wconf 85' lang='lat' dir='ltr'>et</span> <span class='ocrx_word' id='word_1_304' title='bbox 699 1294 725 1318; x_wconf 84' lang='lat' dir='ltr'>in</span> <span class='ocrx_word' id='word_1_305' title='bbox 737 1296 870 1327; x_wconf 77' lang='lat' dir='ltr'>Systemat.</span> <span class='ocrx_word' id='word_1_306' title='bbox 896 1295 935 1319; x_wconf 83' lang='lat' dir='ltr'>ecl.</span> <span class='ocrx_word' id='word_1_307' title='bbox 946 1295 1000 1318; x_wconf 77' lang='lat' dir='ltr'>XII.</span> <span class='ocrx_word' id='word_1_308' title='bbox 1027 1299 1087 1321; x_wconf 80' lang='lat' dir='ltr'>tom.</span> <span class='ocrx_word' id='word_1_309' title='bbox 1099 1297 1122 1321; x_wconf 67' lang='lat'>2</span> <span class='ocrx_word' id='word_1_310' title='bbox 1143 1304 1168 1328; x_wconf 87' lang='lat' dir='ltr'>p.</span> <span class='ocrx_word' id='word_1_311' title='bbox 1183 1296 1301 1321; x_wconf 74' lang='lat'>26—48.</span> <span class='ocrx_word' id='word_1_312' title='bbox 1327 1299 1351 1320; x_wconf 86' lang='lat' dir='ltr'>et</span> <span class='ocrx_word' id='word_1_313' title='bbox 1359 1295 1428 1320; x_wconf 87' lang='lat' dir='ltr'><em>XIII.</em></span> <span class='ocrx_word' id='word_1_314' title='bbox 1452 1303 1478 1328; x_wconf 81' lang='lat' dir='ltr'>p.</span> <span class='ocrx_word' id='word_1_315' title='bbox 1492 1293 1630 1326; x_wconf 72' lang='lat'>27—48.‚</span> <span class='ocrx_word' id='word_1_316' title='bbox 1648 1294 1745 1319; x_wconf 91' lang='lat' dir='ltr'>nomine</span> <span class='ocrx_word' id='word_1_317' title='bbox 1758 1295 1876 1326; x_wconf 85' lang='lat' dir='ltr'>„Clas—</span> 
     </span>
     <span class='ocr_line' id='line_1_27' title="bbox 150 1335 1875 1371; baseline 0.001 -11"><span class='ocrx_word' id='word_1_318' title='bbox 150 1336 235 1360; x_wconf 82' lang='lat' dir='ltr'>sium</span> <span class='ocrx_word' id='word_1_319' title='bbox 256 1335 408 1369; x_wconf 76' lang='lat' dir='ltr'>gencra⁷⁷</span> <span class='ocrx_word' id='word_1_320' title='bbox 427 1335 503 1360; x_wconf 88' lang='lat' dir='ltr'>dedit.</span> <span class='ocrx_word' id='word_1_321' title='bbox 545 1336 574 1360; x_wconf 91' lang='lat' dir='ltr'>In</span> <span class='ocrx_word' id='word_1_322' title='bbox 591 1337 656 1361; x_wconf 86' lang='lat' dir='ltr'>Gen.</span> <span class='ocrx_word' id='word_1_323' title='bbox 675 1337 708 1370; x_wconf 84' lang='lat' dir='ltr'>pl.</span> <span class='ocrx_word' id='word_1_324' title='bbox 734 1337 772 1362; x_wconf 86' lang='lat' dir='ltr'>ed.</span> <span class='ocrx_word' id='word_1_325' title='bbox 786 1337 831 1362; x_wconf 87' lang='lat' dir='ltr'>VI.</span> <span class='ocrx_word' id='word_1_326' title='bbox 855 1336 977 1368; x_wconf 88' lang='lat' dir='ltr'>eundem,</span> <span class='ocrx_word' id='word_1_327' title='bbox 997 1338 1041 1362; x_wconf 76' lang='lat' dir='ltr'>secl</span> <span class='ocrx_word' id='word_1_328' title='bbox 1064 1338 1099 1362; x_wconf 87' lang='lat' dir='ltr'>ad</span> <span class='ocrx_word' id='word_1_329' title='bbox 1118 1338 1238 1371; x_wconf 82' lang='lat' dir='ltr'>singulas</span> <span class='ocrx_word' id='word_1_330' title='bbox 1259 1339 1352 1363; x_wconf 82' lang='lat' dir='ltr'>classes</span> <span class='ocrx_word' id='word_1_331' title='bbox 1368 1338 1551 1368; x_wconf 80' lang='lat' dir='ltr'>distributum,</span> <span class='ocrx_word' id='word_1_332' title='bbox 1575 1337 1697 1362; x_wconf 85' lang='lat' dir='ltr'>exhibuit.</span> <span class='ocrx_word' id='word_1_333' title='bbox 1733 1337 1790 1362; x_wconf 90' lang='lat' dir='ltr'>Nos</span> <span class='ocrx_word' id='word_1_334' title='bbox 1812 1345 1875 1362; x_wconf 85' lang='lat' dir='ltr'>vero</span> 
     </span>
     <span class='ocr_line' id='line_1_28' title="bbox 149 1378 1876 1414; baseline 0.001 -11"><span class='ocrx_word' id='word_1_335' title='bbox 149 1378 270 1411; x_wconf 85' lang='lat' dir='ltr'>ejusmodi</span> <span class='ocrx_word' id='word_1_336' title='bbox 285 1378 427 1410; x_wconf 84' lang='lat' dir='ltr'>Conspectu</span> <span class='ocrx_word' id='word_1_337' title='bbox 446 1386 493 1402; x_wconf 86' lang='lat' dir='ltr'>non</span> <span class='ocrx_word' id='word_1_338' title='bbox 507 1386 569 1412; x_wconf 90' lang='lat' dir='ltr'>opus</span> <span class='ocrx_word' id='word_1_339' title='bbox 588 1387 644 1404; x_wconf 86' lang='lat' dir='ltr'>esse</span> <span class='ocrx_word' id='word_1_340' title='bbox 659 1379 839 1412; x_wconf 81' lang='lat' dir='ltr'>judicavimus,</span> <span class='ocrx_word' id='word_1_341' title='bbox 859 1388 932 1412; x_wconf 89' lang='lat' dir='ltr'>quem</span> <span class='ocrx_word' id='word_1_342' title='bbox 950 1379 975 1404; x_wconf 92' lang='lat' dir='ltr'>in</span> <span class='ocrx_word' id='word_1_343' title='bbox 994 1383 1080 1405; x_wconf 86' lang='lat' dir='ltr'>nostra</span> <span class='ocrx_word' id='word_1_344' title='bbox 1100 1380 1210 1405; x_wconf 82' lang='lat' dir='ltr'>editione</span> <span class='ocrx_word' id='word_1_345' title='bbox 1228 1384 1380 1414; x_wconf 86' lang='lat' dir='ltr'>conspectus</span> <span class='ocrx_word' id='word_1_346' title='bbox 1398 1388 1519 1413; x_wconf 84' lang='lat' dir='ltr'>generum</span> <span class='ocrx_word' id='word_1_347' title='bbox 1537 1379 1569 1404; x_wconf 82' lang='lat' dir='ltr'>ad</span> <span class='ocrx_word' id='word_1_348' title='bbox 1588 1379 1700 1412; x_wconf 79' lang='lat' dir='ltr'>singulas</span> <span class='ocrx_word' id='word_1_349' title='bbox 1719 1379 1812 1404; x_wconf 87' lang='lat' dir='ltr'>classes</span> <span class='ocrx_word' id='word_1_350' title='bbox 1830 1389 1876 1405; x_wconf 86' lang='lat' dir='ltr'>ex-</span> 
     </span>
     <span class='ocr_line' id='line_1_29' title="bbox 148 1420 1873 1457; baseline 0 -11"><span class='ocrx_word' id='word_1_351' title='bbox 148 1420 219 1446; x_wconf 88' lang='lat' dir='ltr'>hibiti</span> <span class='ocrx_word' id='word_1_352' title='bbox 243 1424 269 1445; x_wconf 87' lang='lat' dir='ltr'>et</span> <span class='ocrx_word' id='word_1_353' title='bbox 289 1420 344 1454; x_wconf 85' lang='lat' dir='ltr'>ipsa</span> <span class='ocrx_word' id='word_1_354' title='bbox 363 1424 479 1453; x_wconf 70' lang='lat' dir='ltr'>typorum</span> <span class='ocrx_word' id='word_1_355' title='bbox 497 1420 678 1446; x_wconf 82' lang='lat' dir='ltr'>administratio</span> <span class='ocrx_word' id='word_1_356' title='bbox 707 1431 824 1446; x_wconf 83' lang='lat' dir='ltr'>summam</span> <span class='ocrx_word' id='word_1_357' title='bbox 843 1422 1046 1456; x_wconf 81' lang='lat' dir='ltr'>perspicuitatem</span> <span class='ocrx_word' id='word_1_358' title='bbox 1069 1422 1184 1447; x_wconf 83' lang='lat' dir='ltr'>efficiens</span> <span class='ocrx_word' id='word_1_359' title='bbox 1209 1423 1327 1457; x_wconf 84' lang='lat' dir='ltr'>supplere</span> <span class='ocrx_word' id='word_1_360' title='bbox 1345 1423 1500 1448; x_wconf 69' lang='lat' dir='ltr'>viderentur,</span> <span class='ocrx_word' id='word_1_361' title='bbox 1543 1423 1594 1447; x_wconf 85' lang='lat' dir='ltr'>Sed</span> <span class='ocrx_word' id='word_1_362' title='bbox 1617 1423 1638 1447; x_wconf 91' lang='lat' dir='ltr'>si</span> <span class='ocrx_word' id='word_1_363' title='bbox 1656 1422 1711 1456; x_wconf 84' lang='lat' dir='ltr'>quis</span> <span class='ocrx_word' id='word_1_364' title='bbox 1737 1421 1873 1456; x_wconf 85' lang='lat' dir='ltr'>aliquando</span> 
     </span>
     <span class='ocr_line' id='line_1_30' title="bbox 148 1463 1875 1498; baseline 0.001 -11"><span class='ocrx_word' id='word_1_365' title='bbox 148 1463 206 1488; x_wconf 83' lang='lat' dir='ltr'>edat</span> <span class='ocrx_word' id='word_1_366' title='bbox 231 1463 341 1487; x_wconf 79' lang='lat' dir='ltr'>Linnaet&#39;</span> <span class='ocrx_word' id='word_1_367' title='bbox 363 1463 462 1488; x_wconf 79' lang='lat' dir='ltr'>Classes</span> <span class='ocrx_word' id='word_1_368' title='bbox 484 1463 649 1495; x_wconf 81' lang='lat' dir='ltr'>plantarum,</span> <span class='ocrx_word' id='word_1_369' title='bbox 674 1464 767 1497; x_wconf 84' lang='lat' dir='ltr'>optime</span> <span class='ocrx_word' id='word_1_370' title='bbox 792 1465 814 1490; x_wconf 88' lang='lat' dir='ltr'>is</span> <span class='ocrx_word' id='word_1_371' title='bbox 838 1468 998 1498; x_wconf 85' lang='lat' dir='ltr'>conspectum</span> <span class='ocrx_word' id='word_1_372' title='bbox 1022 1465 1130 1490; x_wconf 89' lang='lat' dir='ltr'>omnium</span> <span class='ocrx_word' id='word_1_373' title='bbox 1156 1465 1322 1491; x_wconf 84' lang='lat' dir='ltr'>mutationum</span> <span class='ocrx_word' id='word_1_374' title='bbox 1347 1474 1363 1491; x_wconf 85' lang='lat' dir='ltr'>a</span> <span class='ocrx_word' id='word_1_375' title='bbox 1385 1465 1414 1493; x_wconf 76' lang='lat'>1..</span> <span class='ocrx_word' id='word_1_376' title='bbox 1439 1465 1531 1492; x_wconf 86' lang='lat' dir='ltr'>sensim</span> <span class='ocrx_word' id='word_1_377' title='bbox 1556 1465 1681 1491; x_wconf 81' lang='lat' dir='ltr'>factarum</span> <span class='ocrx_word' id='word_1_378' title='bbox 1699 1465 1831 1491; x_wconf 83' lang='lat' dir='ltr'>elaborare</span> <span class='ocrx_word' id='word_1_379' title='bbox 1848 1468 1875 1490; x_wconf 86' lang='lat' dir='ltr'>et</span> 
     </span>
     <span class='ocr_line' id='line_1_31' title="bbox 148 1505 719 1539; baseline 0.002 -10"><span class='ocrx_word' id='word_1_380' title='bbox 148 1505 202 1531; x_wconf 86' lang='lat' dir='ltr'>loco</span> <span class='ocrx_word' id='word_1_381' title='bbox 222 1506 371 1538; x_wconf 72' lang='lat' dir='ltr'>Conspectus</span> <span class='ocrx_word' id='word_1_382' title='bbox 388 1505 437 1529; x_wconf 89' lang='lat' dir='ltr'>illic</span> <span class='ocrx_word' id='word_1_383' title='bbox 455 1505 522 1529; x_wconf 85' lang='lat' dir='ltr'>obvii</span> <span class='ocrx_word' id='word_1_384' title='bbox 541 1505 599 1530; x_wconf 86' lang='lat' dir='ltr'>dare</span> <span class='ocrx_word' id='word_1_385' title='bbox 617 1506 719 1539; x_wconf 68' lang='lat' dir='ltr'>poterin</span> 
     </span>
    </p>

    <p class='ocr_par' dir='ltr' id='par_1_9' title="bbox 147 1547 1874 1667">
     <span class='ocr_line' id='line_1_32' title="bbox 214 1547 1874 1585; baseline 0.002 -14"><span class='ocrx_word' id='word_1_386' title='bbox 214 1548 244 1580; x_wconf 82' lang='grc'>3)</span> <span class='ocrx_word' id='word_1_387' title='bbox 282 1547 463 1579; x_wconf 78' lang='lat' dir='ltr'>Tabulam,</span> <span class='ocrx_word' id='word_1_388' title='bbox 482 1547 577 1572; x_wconf 81' lang='lat' dir='ltr'>classes</span> <span class='ocrx_word' id='word_1_389' title='bbox 594 1547 706 1580; x_wconf 82' lang='lat' dir='ltr'>singulas</span> <span class='ocrx_word' id='word_1_390' title='bbox 725 1548 860 1582; x_wconf 78' lang='lat' dir='ltr'>(simulque</span> <span class='ocrx_word' id='word_1_391' title='bbox 879 1549 979 1575; x_wconf 81' lang='lat' dir='ltr'>ordines</span> <span class='ocrx_word' id='word_1_392' title='bbox 993 1559 1039 1584; x_wconf 89' lang='lat' dir='ltr'>per</span> <span class='ocrx_word' id='word_1_393' title='bbox 1056 1550 1164 1584; x_wconf 82' lang='lat' dir='ltr'>pistilla)</span> <span class='ocrx_word' id='word_1_394' title='bbox 1185 1551 1366 1583; x_wconf 82' lang='lat' dir='ltr'>illustrantem,</span> <span class='ocrx_word' id='word_1_395' title='bbox 1390 1560 1450 1578; x_wconf 83' lang='lat' dir='ltr'>aere</span> <span class='ocrx_word' id='word_1_396' title='bbox 1475 1552 1594 1583; x_wconf 78' lang='lat' dir='ltr'>incisam,</span> <span class='ocrx_word' id='word_1_397' title='bbox 1616 1551 1662 1577; x_wconf 86' lang='lat' dir='ltr'>sed</span> <span class='ocrx_word' id='word_1_398' title='bbox 1686 1551 1803 1585; x_wconf 84' lang='lat' dir='ltr'>profecto</span> <span class='ocrx_word' id='word_1_399' title='bbox 1821 1559 1874 1576; x_wconf 81' lang='lat' dir='ltr'>ma-</span> 
     </span>
     <span class='ocr_line' id='line_1_33' title="bbox 147 1589 1873 1628; baseline 0.001 -11"><span class='ocrx_word' id='word_1_400' title='bbox 147 1591 213 1617; x_wconf 79' lang='lat' dir='ltr'>xime</span> <span class='ocrx_word' id='word_1_401' title='bbox 228 1590 330 1623; x_wconf 87' lang='lat' dir='ltr'>rudem,</span> <span class='ocrx_word' id='word_1_402' title='bbox 356 1589 481 1614; x_wconf 76' lang='lat' dir='ltr'>Linnacus</span> <span class='ocrx_word' id='word_1_403' title='bbox 499 1589 569 1614; x_wconf 86' lang='lat' dir='ltr'>dedit</span> <span class='ocrx_word' id='word_1_404' title='bbox 593 1590 618 1614; x_wconf 92' lang='lat' dir='ltr'>in</span> <span class='ocrx_word' id='word_1_405' title='bbox 636 1591 702 1616; x_wconf 84' lang='lat' dir='ltr'>Gen.</span> <span class='ocrx_word' id='word_1_406' title='bbox 726 1591 761 1616; x_wconf 89' lang='lat' dir='ltr'>Pl.</span> <span class='ocrx_word' id='word_1_407' title='bbox 790 1591 827 1616; x_wconf 89' lang='lat' dir='ltr'>ed.</span> <span class='ocrx_word' id='word_1_408' title='bbox 851 1592 884 1617; x_wconf 92' lang='lat' dir='ltr'>II.</span> <span class='ocrx_word' id='word_1_409' title='bbox 902 1596 980 1626; x_wconf 89' lang='lat' dir='ltr'>atque</span> <span class='ocrx_word' id='word_1_410' title='bbox 1000 1594 1027 1619; x_wconf 92' lang='lat' dir='ltr'>in</span> <span class='ocrx_word' id='word_1_411' title='bbox 1048 1595 1076 1620; x_wconf 89' lang='lat' dir='ltr'>S.</span> <span class='ocrx_word' id='word_1_412' title='bbox 1101 1594 1145 1620; x_wconf 87' lang='lat' dir='ltr'>VI.</span> <span class='ocrx_word' id='word_1_413' title='bbox 1172 1595 1252 1628; x_wconf 81' lang='lat' dir='ltr'>(deq.</span> <span class='ocrx_word' id='word_1_414' title='bbox 1267 1597 1299 1628; x_wconf 82' lang='lat' dir='ltr'>cs.</span> <span class='ocrx_word' id='word_1_415' title='bbox 1325 1595 1419 1628; x_wconf 82' lang='lat' dir='ltr'>infra).</span> <span class='ocrx_word' id='word_1_416' title='bbox 1461 1594 1525 1620; x_wconf 83' lang='lat' dir='ltr'>Jure</span> <span class='ocrx_word' id='word_1_417' title='bbox 1547 1595 1614 1620; x_wconf 84' lang='lat' dir='ltr'>hanc</span> <span class='ocrx_word' id='word_1_418' title='bbox 1631 1593 1796 1619; x_wconf 86' lang='lat' dir='ltr'>omittendam</span> <span class='ocrx_word' id='word_1_419' title='bbox 1816 1602 1873 1619; x_wconf 89' lang='lat' dir='ltr'>esse</span> 
     </span>
     <span class='ocr_line' id='line_1_34' title="bbox 147 1632 1168 1667; baseline 0.004 -9"><span class='ocrx_word' id='word_1_420' title='bbox 147 1633 304 1667; x_wconf 68' lang='lat' dir='ltr'>putavimus,</span> <span class='ocrx_word' id='word_1_421' title='bbox 323 1641 354 1657; x_wconf 90' lang='lat' dir='ltr'>ne</span> <span class='ocrx_word' id='word_1_422' title='bbox 371 1632 478 1657; x_wconf 88' lang='lat' dir='ltr'>dedecus</span> <span class='ocrx_word' id='word_1_423' title='bbox 497 1636 564 1657; x_wconf 84' lang='lat' dir='ltr'>esset</span> <span class='ocrx_word' id='word_1_424' title='bbox 581 1633 675 1665; x_wconf 87' lang='lat' dir='ltr'>codici,</span> <span class='ocrx_word' id='word_1_425' title='bbox 694 1633 736 1658; x_wconf 90' lang='lat' dir='ltr'>ubi</span> <span class='ocrx_word' id='word_1_426' title='bbox 753 1633 804 1659; x_wconf 86' lang='lat' dir='ltr'>fida</span> <span class='ocrx_word' id='word_1_427' title='bbox 822 1638 849 1659; x_wconf 86' lang='lat' dir='ltr'>et</span> <span class='ocrx_word' id='word_1_428' title='bbox 865 1635 995 1661; x_wconf 89' lang='lat' dir='ltr'>immutata</span> <span class='ocrx_word' id='word_1_429' title='bbox 1012 1636 1168 1663; x_wconf 83' lang='lat' dir='ltr'>redderetur.</span> 
     </span>
    </p>

    <p class='ocr_par' dir='ltr' id='par_1_10' title="bbox 145 1675 1872 1841">
     <span class='ocr_line' id='line_1_35' title="bbox 213 1675 1872 1714; baseline 0.002 -14"><span class='ocrx_word' id='word_1_430' title='bbox 213 1676 241 1708; x_wconf 74' lang='lat'>4)</span> <span class='ocrx_word' id='word_1_431' title='bbox 268 1676 404 1700; x_wconf 75' lang='lat' dir='ltr'>Classes</span> <span class='ocrx_word' id='word_1_432' title='bbox 427 1676 614 1700; x_wconf 77' lang='lat' dir='ltr'>naturales</span> <span class='ocrx_word' id='word_1_433' title='bbox 637 1683 652 1699; x_wconf 89' lang='lat' dir='ltr'>a</span> <span class='ocrx_word' id='word_1_434' title='bbox 670 1675 781 1701; x_wconf 85' lang='lat' dir='ltr'>Linnaeo</span> <span class='ocrx_word' id='word_1_435' title='bbox 804 1677 829 1701; x_wconf 94' lang='lat' dir='ltr'>in</span> <span class='ocrx_word' id='word_1_436' title='bbox 857 1677 906 1703; x_wconf 87' lang='lat' dir='ltr'>fine</span> <span class='ocrx_word' id='word_1_437' title='bbox 927 1678 983 1703; x_wconf 90' lang='lat' dir='ltr'>libri</span> <span class='ocrx_word' id='word_1_438' title='bbox 1002 1680 1064 1704; x_wconf 84' lang='lat' dir='ltr'>Gen.</span> <span class='ocrx_word' id='word_1_439' title='bbox 1086 1680 1128 1705; x_wconf 89' lang='lat' dir='ltr'>Pl.</span> <span class='ocrx_word' id='word_1_440' title='bbox 1149 1680 1187 1705; x_wconf 81' lang='lat' dir='ltr'>ecl.</span> <span class='ocrx_word' id='word_1_441' title='bbox 1217 1679 1258 1704; x_wconf 77' lang='grc' dir='ltr'>ΓΙ.</span> <span class='ocrx_word' id='word_1_442' title='bbox 1283 1679 1351 1709; x_wconf 82' lang='lat' dir='ltr'>(sine</span> <span class='ocrx_word' id='word_1_443' title='bbox 1365 1681 1449 1714; x_wconf 78' lang='lat' dir='ltr'>pag.)</span> <span class='ocrx_word' id='word_1_444' title='bbox 1469 1680 1614 1712; x_wconf 80' lang='lat' dir='ltr'>exhibitae,</span> <span class='ocrx_word' id='word_1_445' title='bbox 1632 1678 1732 1705; x_wconf 81' lang='lat' dir='ltr'>maximi</span> <span class='ocrx_word' id='word_1_446' title='bbox 1753 1678 1872 1704; x_wconf 86' lang='lat' dir='ltr'>momenti</span> 
     </span>
     <span class='ocr_line' id='line_1_36' title="bbox 145 1717 1867 1757; baseline 0.002 -14"><span class='ocrx_word' id='word_1_447' title='bbox 145 1720 211 1743; x_wconf 79' lang='lat' dir='ltr'>sunt.</span> <span class='ocrx_word' id='word_1_448' title='bbox 253 1717 354 1742; x_wconf 84' lang='lat' dir='ltr'>Sistunt</span> <span class='ocrx_word' id='word_1_449' title='bbox 376 1717 452 1741; x_wconf 90' lang='lat' dir='ltr'>multo</span> <span class='ocrx_word' id='word_1_450' title='bbox 478 1717 615 1751; x_wconf 84' lang='lat' dir='ltr'>perfectius</span> <span class='ocrx_word' id='word_1_451' title='bbox 639 1718 759 1751; x_wconf 84' lang='lat' dir='ltr'>Systema</span> <span class='ocrx_word' id='word_1_452' title='bbox 780 1720 908 1754; x_wconf 80' lang='lat' dir='ltr'>naturale,</span> <span class='ocrx_word' id='word_1_453' title='bbox 933 1729 1007 1754; x_wconf 87' lang='lat' dir='ltr'>quam</span> <span class='ocrx_word' id='word_1_454' title='bbox 1031 1722 1098 1755; x_wconf 92' lang='lat' dir='ltr'>quod</span> <span class='ocrx_word' id='word_1_455' title='bbox 1116 1724 1192 1747; x_wconf 83' lang='lat' dir='ltr'>antea</span> <span class='ocrx_word' id='word_1_456' title='bbox 1209 1722 1238 1747; x_wconf 82' lang='lat' dir='ltr'>in</span> <span class='ocrx_word' id='word_1_457' title='bbox 1263 1722 1329 1747; x_wconf 83' lang='lat' dir='ltr'>libro</span> <span class='ocrx_word' id='word_1_458' title='bbox 1350 1723 1490 1748; x_wconf 76' lang='lat' dir='ltr'>Classes</span> <span class='ocrx_word' id='word_1_459' title='bbox 1512 1724 1715 1757; x_wconf 80' lang='lat' dir='ltr'>plantarum</span> <span class='ocrx_word' id='word_1_460' title='bbox 1742 1721 1814 1747; x_wconf 84' lang='lat' dir='ltr'>dedit</span> <span class='ocrx_word' id='word_1_461' title='bbox 1836 1721 1867 1747; x_wconf 92' lang='lat' dir='ltr'>L.</span> 
     </span>
     <span class='ocr_line' id='line_1_37' title="bbox 147 1759 1871 1800; baseline 0.003 -16"><span class='ocrx_word' id='word_1_462' title='bbox 147 1760 339 1792; x_wconf 81' lang='lat' dir='ltr'>(‚,Frag·menta</span> <span class='ocrx_word' id='word_1_463' title='bbox 359 1759 472 1784; x_wconf 79' lang='lat' dir='ltr'>methodi</span> <span class='ocrx_word' id='word_1_464' title='bbox 486 1759 632 1785; x_wconf 79' lang='lat' dir='ltr'>naturalis&#39;&#39;</span> <span class='ocrx_word' id='word_1_465' title='bbox 645 1769 709 1794; x_wconf 81' lang='lat' dir='ltr'>pag.</span> <span class='ocrx_word' id='word_1_466' title='bbox 724 1762 905 1795; x_wconf 52' lang='grc' dir='ltr'>(βο-514).</span> <span class='ocrx_word' id='word_1_467' title='bbox 940 1764 992 1789; x_wconf 87' lang='lat' dir='ltr'>Sed</span> <span class='ocrx_word' id='word_1_468' title='bbox 1009 1764 1041 1789; x_wconf 92' lang='lat' dir='ltr'>ob</span> <span class='ocrx_word' id='word_1_469' title='bbox 1059 1764 1199 1797; x_wconf 83' lang='lat' dir='ltr'>argumenti</span> <span class='ocrx_word' id='word_1_470' title='bbox 1218 1765 1369 1791; x_wconf 79' lang='lat' dir='ltr'>affinitatem</span> <span class='ocrx_word' id='word_1_471' title='bbox 1386 1766 1504 1800; x_wconf 88' lang='lat' dir='ltr'>profecto</span> <span class='ocrx_word' id='word_1_472' title='bbox 1521 1766 1600 1792; x_wconf 87' lang='lat' dir='ltr'>illic</span> <span class='ocrx_word' id='word_1_473' title='bbox 1622 1764 1764 1798; x_wconf 81' lang='lat' dir='ltr'>releganda</span> <span class='ocrx_word' id='word_1_474' title='bbox 1780 1764 1871 1790; x_wconf 84' lang='lat' dir='ltr'>viden-</span> 
     </span>
     <span class='ocr_line' id='line_1_38' title="bbox 145 1801 1169 1841; baseline 0.008 -16"><span class='ocrx_word' id='word_1_475' title='bbox 145 1805 186 1826; x_wconf 81' lang='lat' dir='ltr'>tur</span> <span class='ocrx_word' id='word_1_476' title='bbox 205 1801 237 1826; x_wconf 85' lang='lat' dir='ltr'>ab</span> <span class='ocrx_word' id='word_1_477' title='bbox 255 1801 352 1826; x_wconf 83' lang='lat' dir='ltr'>editore</span> <span class='ocrx_word' id='word_1_478' title='bbox 379 1801 520 1835; x_wconf 89' lang='lat' dir='ltr'>Operum</span> <span class='ocrx_word' id='word_1_479' title='bbox 538 1802 649 1828; x_wconf 86' lang='lat' dir='ltr'>Linnaei.</span> <span class='ocrx_word' id='word_1_480' title='bbox 693 1804 734 1836; x_wconf 84' lang='lat' dir='ltr'>Cf.</span> <span class='ocrx_word' id='word_1_481' title='bbox 754 1804 840 1838; x_wconf 83' lang='lat' dir='ltr'>infra,</span> <span class='ocrx_word' id='word_1_482' title='bbox 857 1806 900 1830; x_wconf 85' lang='lat' dir='ltr'>ubi</span> <span class='ocrx_word' id='word_1_483' title='bbox 912 1806 943 1831; x_wconf 84' lang='lat' dir='ltr'>de</span> <span class='ocrx_word' id='word_1_484' title='bbox 959 1807 990 1833; x_wconf 84' lang='lat' dir='ltr'>G.</span> <span class='ocrx_word' id='word_1_485' title='bbox 1011 1807 1052 1832; x_wconf 86' lang='lat' dir='ltr'>VI.</span> <span class='ocrx_word' id='word_1_486' title='bbox 1071 1808 1169 1841; x_wconf 79' lang='lat' dir='ltr'>agitur.</span> 
     </span>
    </p>
   </div>
   <div class='ocr_carea' id='block_1_6' title="bbox 143 1856 1870 2049">
    <p class='ocr_par' dir='ltr' id='par_1_11' title="bbox 143 1856 1870 2049">
     <span class='ocr_line' id='line_1_39' title="bbox 247 1856 1870 1903; baseline 0.006 -17"><span class='ocrx_word' id='word_1_487' title='bbox 247 1856 274 1897; x_wconf 59' lang='grc' dir='ltr'>ᾗ.</span> <span class='ocrx_word' id='word_1_488' title='bbox 296 1858 344 1888; x_wconf 89' lang='lat'>17.</span> <span class='ocrx_word' id='word_1_489' title='bbox 385 1856 648 1888; x_wconf 85' lang='lat' dir='ltr'><strong>CONSPECTUS</strong></span> <span class='ocrx_word' id='word_1_490' title='bbox 666 1858 884 1899; x_wconf 83' lang='lat' dir='ltr'>GENERUM‚</span> <span class='ocrx_word' id='word_1_491' title='bbox 903 1873 979 1903; x_wconf 89' lang='lat' dir='ltr'>quos</span> <span class='ocrx_word' id='word_1_492' title='bbox 994 1874 1150 1901; x_wconf 80' lang='lat' dir='ltr'>vocamus,</span> <span class='ocrx_word' id='word_1_493' title='bbox 1176 1863 1446 1895; x_wconf 80' lang='lat' dir='ltr'>Characteres</span> <span class='ocrx_word' id='word_1_494' title='bbox 1472 1864 1662 1895; x_wconf 85' lang='lat' dir='ltr'>factitios</span> <span class='ocrx_word' id='word_1_495' title='bbox 1682 1874 1870 1903; x_wconf 83' lang='lat' dir='ltr'>generum</span> 
     </span>
     <span class='ocr_line' id='line_1_40' title="bbox 145 1906 1867 1955; baseline 0.005 -18"><span class='ocrx_word' id='word_1_496' title='bbox 145 1908 333 1944; x_wconf 71' lang='lat' dir='ltr'>exhibentes,</span> <span class='ocrx_word' id='word_1_497' title='bbox 365 1906 417 1948; x_wconf 85' lang='lat' dir='ltr'>(cf.</span> <span class='ocrx_word' id='word_1_498' title='bbox 438 1911 541 1949; x_wconf 80' lang='lat' dir='ltr'>praef.</span> <span class='ocrx_word' id='word_1_499' title='bbox 561 1910 713 1940; x_wconf 69' lang='lat' dir='ltr'>Generum</span> <span class='ocrx_word' id='word_1_500' title='bbox 732 1913 776 1951; x_wconf 83' lang='lat' dir='ltr'>pl.</span> <span class='ocrx_word' id='word_1_501' title='bbox 801 1911 828 1952; x_wconf 57' lang='grc' dir='ltr'>ξ.</span> <span class='ocrx_word' id='word_1_502' title='bbox 849 1914 895 1943; x_wconf 89' lang='grc'>16.</span> <span class='ocrx_word' id='word_1_503' title='bbox 927 1914 999 1945; x_wconf 82' lang='lat' dir='ltr'>cod.</span> <span class='ocrx_word' id='word_1_504' title='bbox 1028 1926 1105 1955; x_wconf 80' lang='lat' dir='ltr'>pag.</span> <span class='ocrx_word' id='word_1_505' title='bbox 1132 1917 1209 1955; x_wconf 86' lang='lat'>11.)‚</span> <span class='ocrx_word' id='word_1_506' title='bbox 1238 1916 1374 1955; x_wconf 83' lang='lat' dir='ltr'>singulas</span> <span class='ocrx_word' id='word_1_507' title='bbox 1401 1917 1514 1946; x_wconf 83' lang='lat' dir='ltr'>classes</span> <span class='ocrx_word' id='word_1_508' title='bbox 1548 1914 1809 1953; x_wconf 78' lang='lat' dir='ltr'>exordiuntur,-</span> <span class='ocrx_word' id='word_1_509' title='bbox 1833 1916 1867 1945; x_wconf 89' lang='lat' dir='ltr'>in</span> 
     </span>
     <span class='ocr_line' id='line_1_41' title="bbox 143 1957 1869 2009; baseline 0.006 -21"><span class='ocrx_word' id='word_1_510' title='bbox 143 1958 225 1997; x_wconf 82' lang='lat' dir='ltr'>Syst.</span> <span class='ocrx_word' id='word_1_511' title='bbox 241 1958 292 1996; x_wconf 64' lang='lat' dir='ltr'>X„</span> <span class='ocrx_word' id='word_1_512' title='bbox 308 1957 382 1989; x_wconf 81' lang='lat' dir='ltr'>XII.</span> <span class='ocrx_word' id='word_1_513' title='bbox 409 1965 437 1988; x_wconf 85' lang='lat' dir='ltr'>et</span> <span class='ocrx_word' id='word_1_514' title='bbox 463 1959 567 1996; x_wconf 79' lang='lat' dir='ltr'>XllL,</span> <span class='ocrx_word' id='word_1_515' title='bbox 591 1959 703 1991; x_wconf 77' lang='lat' dir='ltr'>additis</span> <span class='ocrx_word' id='word_1_516' title='bbox 724 1961 874 1993; x_wconf 81' lang='lat' dir='ltr'>addendis</span> <span class='ocrx_word' id='word_1_517' title='bbox 900 1966 1086 2007; x_wconf 84' lang='lat' dir='ltr'>mutatisque</span> <span class='ocrx_word' id='word_1_518' title='bbox 1115 1966 1272 1997; x_wconf 79' lang='lat' dir='ltr'>mutandis</span> <span class='ocrx_word' id='word_1_519' title='bbox 1302 1968 1482 2009; x_wconf 85' lang='lat' dir='ltr'>plerumque</span> <span class='ocrx_word' id='word_1_520' title='bbox 1512 1966 1629 1997; x_wconf 86' lang='lat' dir='ltr'>iidem:</span> <span class='ocrx_word' id='word_1_521' title='bbox 1668 1968 1720 2008; x_wconf 81' lang='lat' dir='ltr'>qui</span> <span class='ocrx_word' id='word_1_522' title='bbox 1747 1966 1869 2008; x_wconf 81' lang='lat' dir='ltr'>quidem</span> 
     </span>
     <span class='ocr_line' id='line_1_42' title="bbox 145 2012 891 2049; baseline 0.008 -11"><span class='ocrx_word' id='word_1_523' title='bbox 145 2020 247 2039; x_wconf 84' lang='lat' dir='ltr'>omnes</span> <span class='ocrx_word' id='word_1_524' title='bbox 271 2012 439 2049; x_wconf 78' lang='lat' dir='ltr'>comparati</span> <span class='ocrx_word' id='word_1_525' title='bbox 459 2016 489 2040; x_wconf 85' lang='lat' dir='ltr'>et</span> <span class='ocrx_word' id='word_1_526' title='bbox 509 2012 540 2040; x_wconf 81' lang='lat' dir='ltr'>in</span> <span class='ocrx_word' id='word_1_527' title='bbox 565 2012 672 2042; x_wconf 83' lang='lat' dir='ltr'>Codice</span> <span class='ocrx_word' id='word_1_528' title='bbox 688 2015 786 2043; x_wconf 75' lang='lat' dir='ltr'>reensi</span> <span class='ocrx_word' id='word_1_529' title='bbox 808 2019 891 2046; x_wconf 80' lang='lat' dir='ltr'>szmt.</span> 
     </span>
    </p>
   </div>
   <div class='ocr_carea' id='block_1_7' title="bbox 144 2063 1869 2223">
    <p class='ocr_par' dir='ltr' id='par_1_12' title="bbox 144 2063 1869 2223">
     <span class='ocr_line' id='line_1_43' title="bbox 211 2063 1869 2105; baseline 0.005 -18"><span class='ocrx_word' id='word_1_530' title='bbox 211 2063 279 2087; x_wconf 69' lang='lat'>012⁸.</span> <span class='ocrx_word' id='word_1_531' title='bbox 306 2064 328 2088; x_wconf 89' lang='lat'>1.</span> <span class='ocrx_word' id='word_1_532' title='bbox 352 2063 422 2095; x_wconf 83' lang='lat' dir='ltr'>Syst.</span> <span class='ocrx_word' id='word_1_533' title='bbox 446 2063 484 2088; x_wconf 87' lang='lat' dir='ltr'>ed.</span> <span class='ocrx_word' id='word_1_534' title='bbox 498 2064 517 2088; x_wconf 93' lang='lat' dir='ltr'>I.</span> <span class='ocrx_word' id='word_1_535' title='bbox 531 2064 562 2089; x_wconf 91' lang='lat' dir='ltr'>II.</span> <span class='ocrx_word' id='word_1_536' title='bbox 580 2065 624 2090; x_wconf 77' lang='lat' dir='ltr'>VI.</span> <span class='ocrx_word' id='word_1_537' title='bbox 650 2069 675 2090; x_wconf 85' lang='lat' dir='ltr'>et</span> <span class='ocrx_word' id='word_1_538' title='bbox 693 2066 827 2092; x_wconf 75' lang='lat' dir='ltr'>methodus</span> <span class='ocrx_word' id='word_1_539' title='bbox 840 2069 950 2094; x_wconf 84' lang='lat' dir='ltr'>sexualis</span> <span class='ocrx_word' id='word_1_540' title='bbox 969 2070 1013 2102; x_wconf 82' lang='lat' dir='ltr'>(de</span> <span class='ocrx_word' id='word_1_541' title='bbox 1026 2070 1117 2103; x_wconf 77' lang='lat' dir='ltr'>quibus</span> <span class='ocrx_word' id='word_1_542' title='bbox 1131 2072 1165 2103; x_wconf 79' lang='lat' dir='ltr'>cf.</span> <span class='ocrx_word' id='word_1_543' title='bbox 1180 2070 1254 2103; x_wconf 84' lang='lat' dir='ltr'>infra</span> <span class='ocrx_word' id='word_1_544' title='bbox 1271 2071 1337 2105; x_wconf 85' lang='lat' dir='ltr'>Cap.</span> <span class='ocrx_word' id='word_1_545' title='bbox 1349 2072 1396 2105; x_wconf 87' lang='lat' dir='ltr'>II.)</span> <span class='ocrx_word' id='word_1_546' title='bbox 1415 2071 1447 2097; x_wconf 79' lang='lat' dir='ltr'>ad</span> <span class='ocrx_word' id='word_1_547' title='bbox 1461 2071 1508 2097; x_wconf 89' lang='lat' dir='ltr'>hos</span> <span class='ocrx_word' id='word_1_548' title='bbox 1529 2074 1679 2105; x_wconf 86' lang='lat' dir='ltr'>conspectus</span> <span class='ocrx_word' id='word_1_549' title='bbox 1693 2071 1786 2097; x_wconf 82' lang='lat' dir='ltr'>collata</span> <span class='ocrx_word' id='word_1_550' title='bbox 1807 2073 1869 2098; x_wconf 81' lang='lat' dir='ltr'>sunt</span> 
     </span>
     <span class='ocr_line' id='line_1_44' title="bbox 144 2105 1864 2147; baseline 0.007 -19"><span class='ocrx_word' id='word_1_551' title='bbox 144 2105 279 2129; x_wconf 78' lang='lat' dir='ltr'>ratione</span> <span class='ocrx_word' id='word_1_552' title='bbox 303 2105 435 2130; x_wconf 86' lang='lat' dir='ltr'>habita:</span> <span class='ocrx_word' id='word_1_553' title='bbox 461 2107 484 2131; x_wconf 86' lang='lat'>1.</span> <span class='ocrx_word' id='word_1_554' title='bbox 508 2105 711 2133; x_wconf 85' lang='lat' dir='ltr'>divisionum</span> <span class='ocrx_word' id='word_1_555' title='bbox 736 2113 770 2134; x_wconf 89' lang='lat' dir='ltr'>et</span> <span class='ocrx_word' id='word_1_556' title='bbox 793 2111 1064 2137; x_wconf 86' lang='lat' dir='ltr'>subdivisionum</span> <span class='ocrx_word' id='word_1_557' title='bbox 1088 2114 1116 2138; x_wconf 86' lang='lat' dir='ltr'>in</span> <span class='ocrx_word' id='word_1_558' title='bbox 1133 2114 1293 2147; x_wconf 77' lang='lat' dir='ltr'>longioribus</span> <span class='ocrx_word' id='word_1_559' title='bbox 1310 2122 1435 2147; x_wconf 81' lang='lat' dir='ltr'>generum</span> <span class='ocrx_word' id='word_1_560' title='bbox 1450 2115 1562 2140; x_wconf 77' lang='lat' dir='ltr'>seriebus</span> <span class='ocrx_word' id='word_1_561' title='bbox 1579 2115 1775 2147; x_wconf 56' lang='lat' dir='ltr'>institutarum,</span> <span class='ocrx_word' id='word_1_562' title='bbox 1795 2118 1821 2139; x_wconf 80' lang='lat' dir='ltr'>et</span> <span class='ocrx_word' id='word_1_563' title='bbox 1838 2115 1864 2140; x_wconf 70' lang='grc' dir='ltr'>Ξ.</span> 
     </span>
     <span class='ocr_line' id='line_1_45' title="bbox 144 2147 1869 2191; baseline 0.007 -21"><span class='ocrx_word' id='word_1_564' title='bbox 144 2147 339 2181; x_wconf 78' lang='lat' dir='ltr'>plantarum</span> <span class='ocrx_word' id='word_1_565' title='bbox 365 2155 454 2172; x_wconf 89' lang='lat' dir='ltr'>anom</span> <span class='ocrx_word' id='word_1_566' title='bbox 465 2148 592 2174; x_wconf 83' lang='lat' dir='ltr'>alarum</span> <span class='ocrx_word' id='word_1_567' title='bbox 615 2151 798 2178; x_wconf 79' lang='lat' dir='ltr'>indicaturum.</span> <span class='ocrx_word' id='word_1_568' title='bbox 815 2166 849 2171; x_wconf 88' lang='lat'>-—</span> <span class='ocrx_word' id='word_1_569' title='bbox 883 2154 1005 2187; x_wconf 84' lang='lat' dir='ltr'>Reliquus</span> <span class='ocrx_word' id='word_1_570' title='bbox 1022 2158 1108 2180; x_wconf 84' lang='lat' dir='ltr'>textus</span> <span class='ocrx_word' id='word_1_571' title='bbox 1127 2165 1159 2181; x_wconf 83' lang='lat' dir='ltr'>ex</span> <span class='ocrx_word' id='word_1_572' title='bbox 1184 2157 1212 2182; x_wconf 91' lang='lat' dir='ltr'>S.</span> <span class='ocrx_word' id='word_1_573' title='bbox 1229 2156 1273 2181; x_wconf 85' lang='lat' dir='ltr'>VI.</span> <span class='ocrx_word' id='word_1_574' title='bbox 1297 2156 1330 2180; x_wconf 90' lang='lat' dir='ltr'>ad</span> <span class='ocrx_word' id='word_1_575' title='bbox 1349 2155 1462 2190; x_wconf 81' lang='lat' dir='ltr'>singulas</span> <span class='ocrx_word' id='word_1_576' title='bbox 1489 2165 1654 2191; x_wconf 82' lang='lat' dir='ltr'>generum</span> <span class='ocrx_word' id='word_1_577' title='bbox 1681 2157 1869 2190; x_wconf 81' lang='lat' dir='ltr'>diagnoses</span> 
     </span>
     <span class='ocr_line' id='line_1_46' title="bbox 144 2189 670 2223; baseline 0.011 -10"><span class='ocrx_word' id='word_1_578' title='bbox 144 2189 179 2221; x_wconf 78' lang='lat' dir='ltr'>(s.</span> <span class='ocrx_word' id='word_1_579' title='bbox 199 2189 313 2214; x_wconf 80' lang='lat' dir='ltr'>charact.</span> <span class='ocrx_word' id='word_1_580' title='bbox 336 2190 476 2223; x_wconf 75' lang='lat' dir='ltr'>specificos)</span> <span class='ocrx_word' id='word_1_581' title='bbox 499 2191 606 2217; x_wconf 85' lang='lat' dir='ltr'>collatus</span> <span class='ocrx_word' id='word_1_582' title='bbox 623 2196 670 2219; x_wconf 86' lang='lat' dir='ltr'>est.</span> 
     </span>
    </p>
   </div>
   <div class='ocr_carea' id='block_1_8' title="bbox 143 2240 1868 2412">
    <p class='ocr_par' dir='ltr' id='par_1_13' title="bbox 143 2240 1868 2412">
     <span class='ocr_line' id='line_1_47' title="bbox 212 2240 1868 2285; baseline 0.008 -22"><span class='ocrx_word' id='word_1_583' title='bbox 212 2240 282 2265; x_wconf 80' lang='lat' dir='ltr'>Obs.</span> <span class='ocrx_word' id='word_1_584' title='bbox 307 2241 329 2265; x_wconf 78' lang='lat'>2.</span> <span class='ocrx_word' id='word_1_585' title='bbox 371 2240 487 2266; x_wconf 81' lang='lat' dir='ltr'>Series</span> <span class='ocrx_word' id='word_1_586' title='bbox 505 2250 655 2274; x_wconf 83' lang='lat' dir='ltr'>generum</span> <span class='ocrx_word' id='word_1_587' title='bbox 674 2253 723 2270; x_wconf 91' lang='lat' dir='ltr'>non</span> <span class='ocrx_word' id='word_1_588' title='bbox 740 2245 765 2270; x_wconf 90' lang='lat' dir='ltr'>in</span> <span class='ocrx_word' id='word_1_589' title='bbox 782 2246 894 2272; x_wconf 89' lang='lat' dir='ltr'>omnibus</span> <span class='ocrx_word' id='word_1_590' title='bbox 915 2247 1034 2282; x_wconf 83' lang='lat' dir='ltr'>operibus</span> <span class='ocrx_word' id='word_1_591' title='bbox 1053 2248 1156 2281; x_wconf 86' lang='lat' dir='ltr'>eadem,</span> <span class='ocrx_word' id='word_1_592' title='bbox 1178 2248 1224 2274; x_wconf 88' lang='lat' dir='ltr'>sed</span> <span class='ocrx_word' id='word_1_593' title='bbox 1247 2248 1451 2283; x_wconf 85' lang='lat' dir='ltr'>frequentissime</span> <span class='ocrx_word' id='word_1_594' title='bbox 1468 2253 1567 2276; x_wconf 87' lang='lat' dir='ltr'>mutata</span> <span class='ocrx_word' id='word_1_595' title='bbox 1585 2253 1638 2283; x_wconf 86' lang='lat' dir='ltr'>est,</span> <span class='ocrx_word' id='word_1_596' title='bbox 1658 2250 1699 2276; x_wconf 84' lang='lat' dir='ltr'>vel</span> <span class='ocrx_word' id='word_1_597' title='bbox 1720 2250 1789 2285; x_wconf 81' lang='lat' dir='ltr'>quod</span> <span class='ocrx_word' id='word_1_598' title='bbox 1804 2249 1868 2275; x_wconf 80' lang='lat' dir='ltr'>haec</span> 
     </span>
     <span class='ocr_line' id='line_1_48' title="bbox 144 2281 1866 2325; baseline 0.008 -20"><span class='ocrx_word' id='word_1_599' title='bbox 144 2282 185 2307; x_wconf 84' lang='lat' dir='ltr'>vel</span> <span class='ocrx_word' id='word_1_600' title='bbox 203 2281 245 2306; x_wconf 77' lang='lat' dir='ltr'>illa</span> <span class='ocrx_word' id='word_1_601' title='bbox 260 2281 369 2306; x_wconf 80' lang='lat' dir='ltr'>affinitas</span> <span class='ocrx_word' id='word_1_602' title='bbox 384 2283 462 2316; x_wconf 81' lang='lat' dir='ltr'>magis</span> <span class='ocrx_word' id='word_1_603' title='bbox 485 2284 611 2317; x_wconf 83' lang='lat' dir='ltr'>placeret,</span> <span class='ocrx_word' id='word_1_604' title='bbox 634 2286 674 2310; x_wconf 81' lang='lat' dir='ltr'>vel</span> <span class='ocrx_word' id='word_1_605' title='bbox 691 2287 757 2319; x_wconf 85' lang='lat' dir='ltr'>quod</span> <span class='ocrx_word' id='word_1_606' title='bbox 771 2288 851 2312; x_wconf 84' lang='lat' dir='ltr'>serius</span> <span class='ocrx_word' id='word_1_607' title='bbox 867 2289 953 2314; x_wconf 82' lang='lat' dir='ltr'>melius</span> <span class='ocrx_word' id='word_1_608' title='bbox 973 2291 1087 2323; x_wconf 80' lang='lat' dir='ltr'>cognitus</span> <span class='ocrx_word' id='word_1_609' title='bbox 1101 2292 1234 2317; x_wconf 83' lang='lat' dir='ltr'>character</span> <span class='ocrx_word' id='word_1_610' title='bbox 1251 2293 1352 2325; x_wconf 85' lang='lat' dir='ltr'>generis</span> <span class='ocrx_word' id='word_1_611' title='bbox 1378 2293 1452 2318; x_wconf 83' lang='lat' dir='ltr'>aliam</span> <span class='ocrx_word' id='word_1_612' title='bbox 1477 2287 1618 2318; x_wconf 78' lang='lat' dir='ltr'>classem</span> <span class='ocrx_word' id='word_1_613' title='bbox 1642 2293 1695 2318; x_wconf 86' lang='lat' dir='ltr'>vel</span> <span class='ocrx_word' id='word_1_614' title='bbox 1716 2292 1866 2318; x_wconf 80' lang='lat' dir='ltr'>ordinem</span> 
     </span>
     <span class='ocr_line' id='line_1_49' title="bbox 144 2323 1868 2370; baseline 0.006 -21"><span class='ocrx_word' id='word_1_615' title='bbox 144 2327 298 2358; x_wconf 83' lang='lat' dir='ltr'>exposceret.</span> <span class='ocrx_word' id='word_1_616' title='bbox 339 2323 422 2358; x_wconf 84' lang='lat' dir='ltr'>Hujus</span> <span class='ocrx_word' id='word_1_617' title='bbox 444 2326 480 2350; x_wconf 89' lang='lat' dir='ltr'>rei</span> <span class='ocrx_word' id='word_1_618' title='bbox 497 2327 618 2352; x_wconf 86' lang='lat' dir='ltr'>rationem</span> <span class='ocrx_word' id='word_1_619' title='bbox 638 2328 729 2361; x_wconf 85' lang='lat' dir='ltr'>ubique</span> <span class='ocrx_word' id='word_1_620' title='bbox 748 2330 899 2356; x_wconf 88' lang='lat' dir='ltr'>reddidimus</span> <span class='ocrx_word' id='word_1_621' title='bbox 918 2333 945 2357; x_wconf 81' lang='lat' dir='ltr'>in</span> <span class='ocrx_word' id='word_1_622' title='bbox 965 2333 1056 2359; x_wconf 81' lang='lat' dir='ltr'>Codice</span> <span class='ocrx_word' id='word_1_623' title='bbox 1073 2334 1106 2358; x_wconf 89' lang='lat' dir='ltr'>ad</span> <span class='ocrx_word' id='word_1_624' title='bbox 1125 2334 1223 2367; x_wconf 84' lang='lat' dir='ltr'>singula</span> <span class='ocrx_word' id='word_1_625' title='bbox 1243 2343 1353 2367; x_wconf 83' lang='lat' dir='ltr'>genera,</span> <span class='ocrx_word' id='word_1_626' title='bbox 1376 2337 1444 2361; x_wconf 82' lang='lat' dir='ltr'>etin</span> <span class='ocrx_word' id='word_1_627' title='bbox 1459 2336 1550 2370; x_wconf 79' lang='lat' dir='ltr'>Capite</span> <span class='ocrx_word' id='word_1_628' title='bbox 1568 2340 1687 2370; x_wconf 78' lang='lat' dir='ltr'>sequente</span> <span class='ocrx_word' id='word_1_629' title='bbox 1703 2335 1735 2360; x_wconf 84' lang='lat' dir='ltr'>ad</span> <span class='ocrx_word' id='word_1_630' title='bbox 1754 2335 1868 2368; x_wconf 84' lang='lat' dir='ltr'>singulos</span> 
     </span>
     <span class='ocr_line' id='line_1_50' title="bbox 143 2366 1827 2412; baseline 0.007 -20"><span class='ocrx_word' id='word_1_631' title='bbox 143 2366 228 2398; x_wconf 85' lang='lat' dir='ltr'>libros,</span> <span class='ocrx_word' id='word_1_632' title='bbox 247 2375 309 2400; x_wconf 88' lang='lat' dir='ltr'>quos</span> <span class='ocrx_word' id='word_1_633' title='bbox 323 2366 357 2392; x_wconf 91' lang='lat' dir='ltr'>ibi</span> <span class='ocrx_word' id='word_1_634' title='bbox 376 2375 549 2400; x_wconf 83' lang='lat' dir='ltr'>recensemus,</span> <span class='ocrx_word' id='word_1_635' title='bbox 567 2369 657 2394; x_wconf 86' lang='lat' dir='ltr'>iterum</span> <span class='ocrx_word' id='word_1_636' title='bbox 670 2370 850 2405; x_wconf 73' lang='lat' dir='ltr'>indicavimus,</span> <span class='ocrx_word' id='word_1_637' title='bbox 868 2382 990 2407; x_wconf 85' lang='lat' dir='ltr'>quaenam</span> <span class='ocrx_word' id='word_1_638' title='bbox 1005 2383 1099 2408; x_wconf 79' lang='lat' dir='ltr'>genera</span> <span class='ocrx_word' id='word_1_639' title='bbox 1113 2375 1138 2401; x_wconf 92' lang='lat' dir='ltr'>in</span> <span class='ocrx_word' id='word_1_640' title='bbox 1153 2377 1202 2402; x_wconf 87' lang='lat' dir='ltr'>hoc</span> <span class='ocrx_word' id='word_1_641' title='bbox 1216 2377 1259 2402; x_wconf 89' lang='lat' dir='ltr'>vel</span> <span class='ocrx_word' id='word_1_642' title='bbox 1272 2377 1314 2402; x_wconf 83' lang='lat' dir='ltr'>illo</span> <span class='ocrx_word' id='word_1_643' title='bbox 1332 2377 1439 2412; x_wconf 89' lang='lat' dir='ltr'>primurn</span> <span class='ocrx_word' id='word_1_644' title='bbox 1458 2378 1528 2404; x_wconf 84' lang='lat' dir='ltr'>locos</span> <span class='ocrx_word' id='word_1_645' title='bbox 1546 2382 1657 2404; x_wconf 82' lang='lat' dir='ltr'>mutatos</span> <span class='ocrx_word' id='word_1_646' title='bbox 1671 2377 1827 2412; x_wconf 83' lang='lat' dir='ltr'>acceperint.</span> 
     </span>
    </p>
   </div>
   <div class='ocr_carea' id='block_1_9' title="bbox 142 2417 1865 2503">
    <p class='ocr_par' dir='ltr' id='par_1_14' title="bbox 142 2417 1865 2503">
     <span class='ocr_line' id='line_1_51' title="bbox 210 2417 1865 2463; baseline 0.007 -21"><span class='ocrx_word' id='word_1_647' title='bbox 210 2417 280 2443; x_wconf 74' lang='lat' dir='ltr'>obs.</span> <span class='ocrx_word' id='word_1_648' title='bbox 299 2417 322 2442; x_wconf 81' lang='lat'>3.</span> <span class='ocrx_word' id='word_1_649' title='bbox 365 2418 529 2444; x_wconf 87' lang='lat' dir='ltr'>Classium</span> <span class='ocrx_word' id='word_1_650' title='bbox 547 2420 694 2446; x_wconf 86' lang='lat' dir='ltr'>Ordines</span> <span class='ocrx_word' id='word_1_651' title='bbox 713 2423 818 2448; x_wconf 87' lang='lat' dir='ltr'>maxime</span> <span class='ocrx_word' id='word_1_652' title='bbox 836 2424 869 2449; x_wconf 83' lang='lat' dir='ltr'>ad</span> <span class='ocrx_word' id='word_1_653' title='bbox 887 2425 915 2449; x_wconf 93' lang='lat' dir='ltr'>S.</span> <span class='ocrx_word' id='word_1_654' title='bbox 931 2425 991 2450; x_wconf 84' lang='lat' dir='ltr'>XII.</span> <span class='ocrx_word' id='word_1_655' title='bbox 1016 2429 1043 2450; x_wconf 81' lang='lat' dir='ltr'>et</span> <span class='ocrx_word' id='word_1_656' title='bbox 1059 2426 1130 2451; x_wconf 87' lang='lat' dir='ltr'>XIII.</span> <span class='ocrx_word' id='word_1_657' title='bbox 1156 2427 1309 2454; x_wconf 85' lang='lat' dir='ltr'>exhibemus.</span> <span class='ocrx_word' id='word_1_658' title='bbox 1358 2429 1466 2455; x_wconf 83' lang='lat' dir='ltr'>Variant</span> <span class='ocrx_word' id='word_1_659' title='bbox 1488 2430 1525 2455; x_wconf 90' lang='lat' dir='ltr'>illi</span> <span class='ocrx_word' id='word_1_660' title='bbox 1543 2430 1621 2455; x_wconf 78' lang='lat' dir='ltr'>variis</span> <span class='ocrx_word' id='word_1_661' title='bbox 1642 2429 1667 2454; x_wconf 88' lang='lat' dir='ltr'>in</span> <span class='ocrx_word' id='word_1_662' title='bbox 1682 2429 1800 2463; x_wconf 87' lang='lat' dir='ltr'>operibus</span> <span class='ocrx_word' id='word_1_663' title='bbox 1817 2428 1865 2462; x_wconf 84' lang='lat' dir='ltr'>L.‚</span> 
     </span>
     <span class='ocr_line' id='line_1_52' title="bbox 142 2459 1865 2503; baseline 0.008 -19"><span class='ocrx_word' id='word_1_664' title='bbox 142 2460 175 2485; x_wconf 83' lang='lat' dir='ltr'>oh</span> <span class='ocrx_word' id='word_1_665' title='bbox 194 2459 279 2484; x_wconf 82' lang='lat' dir='ltr'>addita</span> <span class='ocrx_word' id='word_1_666' title='bbox 300 2459 419 2485; x_wconf 67' lang='lat' dir='ltr'>meliusve</span> <span class='ocrx_word' id='word_1_667' title='bbox 443 2461 542 2493; x_wconf 83' lang='lat' dir='ltr'>cognita</span> <span class='ocrx_word' id='word_1_668' title='bbox 563 2471 655 2495; x_wconf 78' lang='lat' dir='ltr'>genera</span> <span class='ocrx_word' id='word_1_669' title='bbox 667 2482 674 2494; x_wconf 78' lang='lat'><strong>‚</strong></span> <span class='ocrx_word' id='word_1_670' title='bbox 701 2473 766 2497; x_wconf 83' lang='lat' dir='ltr'>quae</span> <span class='ocrx_word' id='word_1_671' title='bbox 785 2466 931 2498; x_wconf 80' lang='lat' dir='ltr'>efficerent,</span> <span class='ocrx_word' id='word_1_672' title='bbox 957 2471 986 2492; x_wconf 80' lang='lat' dir='ltr'>ut</span> <span class='ocrx_word' id='word_1_673' title='bbox 1002 2469 1073 2494; x_wconf 87' lang='lat' dir='ltr'>modo</span> <span class='ocrx_word' id='word_1_674' title='bbox 1093 2469 1220 2495; x_wconf 84' lang='lat' dir='ltr'>deleretur</span> <span class='ocrx_word' id='word_1_675' title='bbox 1237 2471 1314 2502; x_wconf 88' lang='lat' dir='ltr'>ordo,</span> <span class='ocrx_word' id='word_1_676' title='bbox 1339 2472 1413 2496; x_wconf 87' lang='lat' dir='ltr'>modo</span> <span class='ocrx_word' id='word_1_677' title='bbox 1431 2481 1512 2499; x_wconf 88' lang='lat' dir='ltr'>novus</span> <span class='ocrx_word' id='word_1_678' title='bbox 1531 2473 1673 2498; x_wconf 83' lang='lat' dir='ltr'>accederet.</span> <span class='ocrx_word' id='word_1_679' title='bbox 1721 2472 1793 2503; x_wconf 81' lang='lat' dir='ltr'>Quas</span> <span class='ocrx_word' id='word_1_680' title='bbox 1808 2479 1865 2497; x_wconf 89' lang='lat' dir='ltr'>mu-</span> 
     </span>
    </p>
   </div>
   <div class='ocr_carea' id='block_1_10' title="bbox 142 2501 1865 2649">
    <p class='ocr_par' dir='ltr' id='par_1_15' title="bbox 142 2501 1865 2649">
     <span class='ocr_line' id='line_1_53' title="bbox 142 2501 1858 2546; baseline 0.01 -22"><span class='ocrx_word' id='word_1_681' title='bbox 142 2501 252 2526; x_wconf 76' lang='lat' dir='ltr'>tationes</span> <span class='ocrx_word' id='word_1_682' title='bbox 268 2501 292 2526; x_wconf 93' lang='lat' dir='ltr'>in</span> <span class='ocrx_word' id='word_1_683' title='bbox 308 2501 404 2526; x_wconf 85' lang='lat' dir='ltr'>Codice</span> <span class='ocrx_word' id='word_1_684' title='bbox 421 2501 532 2528; x_wconf 82' lang='lat' dir='ltr'>iudicare</span> <span class='ocrx_word' id='word_1_685' title='bbox 547 2505 666 2538; x_wconf 75' lang='lat' dir='ltr'>nolentes,</span> <span class='ocrx_word' id='word_1_686' title='bbox 687 2506 726 2531; x_wconf 85' lang='lat' dir='ltr'>hic</span> <span class='ocrx_word' id='word_1_687' title='bbox 742 2515 873 2533; x_wconf 83' lang='lat' dir='ltr'>recensere</span> <span class='ocrx_word' id='word_1_688' title='bbox 894 2509 1029 2536; x_wconf 84' lang='lat' dir='ltr'>voluimus:</span> <span class='ocrx_word' id='word_1_689' title='bbox 1047 2525 1082 2530; x_wconf 88' lang='lat'>—-</span> <span class='ocrx_word' id='word_1_690' title='bbox 1113 2515 1202 2536; x_wconf 80' lang='lat' dir='ltr'>Closs.</span> <span class='ocrx_word' id='word_1_691' title='bbox 1225 2517 1257 2537; x_wconf 87' lang='grc'>11.</span> <span class='ocrx_word' id='word_1_692' title='bbox 1280 2518 1416 2544; x_wconf 75' lang='lat' dir='ltr'>Diyynia</span> <span class='ocrx_word' id='word_1_693' title='bbox 1437 2516 1467 2540; x_wconf 74' lang='grc' dir='ltr'>θ.</span> <span class='ocrx_word' id='word_1_694' title='bbox 1488 2520 1509 2539; x_wconf 81' lang='lat' dir='ltr'>in</span> <span class='ocrx_word' id='word_1_695' title='bbox 1525 2519 1549 2540; x_wconf 88' lang='lat' dir='ltr'>S.</span> <span class='ocrx_word' id='word_1_696' title='bbox 1562 2520 1593 2544; x_wconf 84' lang='lat'>1.;</span> <span class='ocrx_word' id='word_1_697' title='bbox 1609 2531 1637 2535; x_wconf 89' lang='lat'>—</span> <span class='ocrx_word' id='word_1_698' title='bbox 1660 2518 1699 2540; x_wconf 73' lang='grc' dir='ltr'>Οἱ.</span> <span class='ocrx_word' id='word_1_699' title='bbox 1718 2520 1751 2540; x_wconf 89' lang='lat'>11.</span> <span class='ocrx_word' id='word_1_700' title='bbox 1778 2519 1858 2546; x_wconf 68' lang='lat' dir='ltr'>Triq-</span> 
     </span>
     <span class='ocr_line' id='line_1_54' title="bbox 142 2536 1864 2579; baseline 0.009 -21"><span class='ocrx_word' id='word_1_701' title='bbox 142 2536 172 2559; x_wconf 77' lang='grc' dir='ltr'>θ,</span> <span class='ocrx_word' id='word_1_702' title='bbox 192 2538 217 2558; x_wconf 88' lang='lat' dir='ltr'>S.</span> <span class='ocrx_word' id='word_1_703' title='bbox 231 2539 320 2563; x_wconf 71' lang='lat' dir='ltr'>l—II.‚</span> <span class='ocrx_word' id='word_1_704' title='bbox 337 2539 399 2558; x_wconf 77' lang='lat' dir='ltr'>adest</span> <span class='ocrx_word' id='word_1_705' title='bbox 413 2540 461 2559; x_wconf 83' lang='lat' dir='ltr'>iude</span> <span class='ocrx_word' id='word_1_706' title='bbox 476 2547 489 2559; x_wconf 71' lang='lat' dir='ltr'>a</span> <span class='ocrx_word' id='word_1_707' title='bbox 505 2541 530 2562; x_wconf 86' lang='lat' dir='ltr'>G.</span> <span class='ocrx_word' id='word_1_708' title='bbox 548 2542 585 2566; x_wconf 85' lang='lat' dir='ltr'>lI.;</span> <span class='ocrx_word' id='word_1_709' title='bbox 598 2554 629 2557; x_wconf 97' lang='lat'><strong>—</strong></span> <span class='ocrx_word' id='word_1_710' title='bbox 647 2543 686 2564; x_wconf 86' lang='grc' dir='ltr'><em>(“Ι.</em></span> <span class='ocrx_word' id='word_1_711' title='bbox 715 2545 750 2565; x_wconf 76' lang='grc' dir='ltr'>ΙἸ.</span> <span class='ocrx_word' id='word_1_712' title='bbox 772 2546 886 2573; x_wconf 65' lang='grc' dir='ltr'>ΤεΙΓιιῃ.</span> <span class='ocrx_word' id='word_1_713' title='bbox 909 2544 939 2568; x_wconf 67' lang='grc' dir='ltr'>θ.</span> <span class='ocrx_word' id='word_1_714' title='bbox 953 2548 976 2567; x_wconf 88' lang='lat' dir='ltr'>S.</span> <span class='ocrx_word' id='word_1_715' title='bbox 991 2548 1019 2572; x_wconf 86' lang='lat'>1.;</span> <span class='ocrx_word' id='word_1_716' title='bbox 1031 2559 1064 2563; x_wconf 92' lang='lat'>-——</span> <span class='ocrx_word' id='word_1_717' title='bbox 1085 2548 1126 2569; x_wconf 83' lang='lat' dir='ltr'>Cl.</span> <span class='ocrx_word' id='word_1_718' title='bbox 1143 2550 1178 2570; x_wconf 77' lang='lat' dir='ltr'>VI.</span> <span class='ocrx_word' id='word_1_719' title='bbox 1203 2551 1312 2577; x_wconf 74' lang='lat' dir='ltr'>Hexay.</span> <span class='ocrx_word' id='word_1_720' title='bbox 1337 2553 1401 2572; x_wconf 82' lang='lat' dir='ltr'>adest</span> <span class='ocrx_word' id='word_1_721' title='bbox 1414 2559 1454 2579; x_wconf 86' lang='lat' dir='ltr'>pro</span> <span class='ocrx_word' id='word_1_722' title='bbox 1470 2554 1583 2578; x_wconf 83' lang='lat' dir='ltr'>anomalis,</span> <span class='ocrx_word' id='word_1_723' title='bbox 1599 2554 1687 2577; x_wconf 63' lang='lat' dir='ltr'>Alism„</span> <span class='ocrx_word' id='word_1_724' title='bbox 1700 2554 1817 2574; x_wconf 77' lang='lat' dir='ltr'>Damason.</span> <span class='ocrx_word' id='word_1_725' title='bbox 1838 2554 1864 2573; x_wconf 81' lang='lat' dir='ltr'>et</span> 
     </span>
     <span class='ocr_line' id='line_1_55' title="bbox 142 2571 1860 2614; baseline 0.011 -24"><span class='ocrx_word' id='word_1_726' title='bbox 142 2571 276 2605; x_wconf 55' lang='lat' dir='ltr'>Trigloehin3</span> <span class='ocrx_word' id='word_1_727' title='bbox 294 2573 314 2592; x_wconf 88' lang='lat' dir='ltr'>in</span> <span class='ocrx_word' id='word_1_728' title='bbox 331 2572 354 2593; x_wconf 86' lang='lat' dir='ltr'>S.</span> <span class='ocrx_word' id='word_1_729' title='bbox 369 2573 503 2598; x_wconf 79' lang='lat' dir='ltr'>l.‚lI.,VI.;</span> <span class='ocrx_word' id='word_1_730' title='bbox 522 2586 552 2590; x_wconf 94' lang='lat'>—</span> <span class='ocrx_word' id='word_1_731' title='bbox 579 2575 618 2596; x_wconf 74' lang='lat' dir='ltr'>cl.</span> <span class='ocrx_word' id='word_1_732' title='bbox 648 2578 697 2598; x_wconf 66' lang='lat'>1¹11.</span> <span class='ocrx_word' id='word_1_733' title='bbox 721 2578 786 2605; x_wconf 67' lang='lat'>1²59.</span> <span class='ocrx_word' id='word_1_734' title='bbox 808 2576 837 2600; x_wconf 74' lang='grc' dir='ltr'>θ.</span> <span class='ocrx_word' id='word_1_735' title='bbox 866 2582 915 2600; x_wconf 79' lang='lat' dir='ltr'>ante</span> <span class='ocrx_word' id='word_1_736' title='bbox 933 2581 1007 2605; x_wconf 77' lang='lat' dir='ltr'>S.X.;</span> <span class='ocrx_word' id='word_1_737' title='bbox 1026 2593 1058 2597; x_wconf 84' lang='lat'>-—</span> <span class='ocrx_word' id='word_1_738' title='bbox 1076 2582 1115 2603; x_wconf 84' lang='lat' dir='ltr'>cl.</span> <span class='ocrx_word' id='word_1_739' title='bbox 1137 2584 1188 2604; x_wconf 70' lang='lat'>1&#39;11.</span> <span class='ocrx_word' id='word_1_740' title='bbox 1210 2585 1284 2612; x_wconf 72' lang='lat' dir='ltr'>Triy.</span> <span class='ocrx_word' id='word_1_741' title='bbox 1305 2582 1335 2606; x_wconf 71' lang='grc' dir='ltr'>θ.</span> <span class='ocrx_word' id='word_1_742' title='bbox 1364 2589 1415 2607; x_wconf 71' lang='lat' dir='ltr'>ante</span> <span class='ocrx_word' id='word_1_743' title='bbox 1437 2587 1477 2613; x_wconf 85' lang='lat' dir='ltr'>Sp.</span> <span class='ocrx_word' id='word_1_744' title='bbox 1490 2588 1529 2612; x_wconf 83' lang='lat'>11.;</span> <span class='ocrx_word' id='word_1_745' title='bbox 1547 2599 1582 2603; x_wconf 84' lang='lat'>-—</span> <span class='ocrx_word' id='word_1_746' title='bbox 1606 2588 1646 2608; x_wconf 85' lang='lat' dir='ltr'>CI.</span> <span class='ocrx_word' id='word_1_747' title='bbox 1663 2588 1712 2608; x_wconf 79' lang='lat' dir='ltr'>VII.</span> <span class='ocrx_word' id='word_1_748' title='bbox 1737 2588 1860 2614; x_wconf 63' lang='lat' dir='ltr'>Tetras-</span> 
     </span>
     <span class='ocr_line' id='line_1_56' title="bbox 143 2606 1865 2649; baseline 0.01 -24"><span class='ocrx_word' id='word_1_749' title='bbox 143 2606 292 2631; x_wconf 77' lang='lat' dir='ltr'>praecedentis</span> <span class='ocrx_word' id='word_1_750' title='bbox 306 2607 355 2626; x_wconf 83' lang='lat' dir='ltr'>luco</span> <span class='ocrx_word' id='word_1_751' title='bbox 368 2607 430 2627; x_wconf 73' lang='lat' dir='ltr'>adest</span> <span class='ocrx_word' id='word_1_752' title='bbox 449 2609 470 2627; x_wconf 88' lang='lat' dir='ltr'>in</span> <span class='ocrx_word' id='word_1_753' title='bbox 484 2608 573 2633; x_wconf 76' lang='lat' dir='ltr'>S.X1!.,</span> <span class='ocrx_word' id='word_1_754' title='bbox 592 2610 659 2631; x_wconf 82' lang='lat' dir='ltr'>Mant.</span> <span class='ocrx_word' id='word_1_755' title='bbox 677 2612 715 2636; x_wconf 80' lang='lat' dir='ltr'>n.;</span> <span class='ocrx_word' id='word_1_756' title='bbox 731 2623 761 2627; x_wconf 83' lang='lat'>--</span> <span class='ocrx_word' id='word_1_757' title='bbox 786 2613 822 2633; x_wconf 83' lang='lat' dir='ltr'>Cl.</span> <span class='ocrx_word' id='word_1_758' title='bbox 843 2614 892 2634; x_wconf 83' lang='lat' dir='ltr'>VII.</span> <span class='ocrx_word' id='word_1_759' title='bbox 908 2615 1033 2642; x_wconf 71' lang='lat' dir='ltr'>Heptaq.</span> <span class='ocrx_word' id='word_1_760' title='bbox 1051 2617 1102 2636; x_wconf 75' lang='lat' dir='ltr'>add.</span> <span class='ocrx_word' id='word_1_761' title='bbox 1116 2617 1166 2637; x_wconf 84' lang='lat' dir='ltr'>inde</span> <span class='ocrx_word' id='word_1_762' title='bbox 1181 2624 1194 2637; x_wconf 74' lang='lat' dir='ltr'>a</span> <span class='ocrx_word' id='word_1_763' title='bbox 1206 2618 1245 2644; x_wconf 84' lang='lat' dir='ltr'>Sp.</span> <span class='ocrx_word' id='word_1_764' title='bbox 1255 2619 1338 2643; x_wconf 85' lang='lat' dir='ltr'>ll.;—-</span> <span class='ocrx_word' id='word_1_765' title='bbox 1360 2620 1399 2642; x_wconf 84' lang='lat' dir='ltr'>cl.</span> <span class='ocrx_word' id='word_1_766' title='bbox 1415 2622 1479 2643; x_wconf 85' lang='lat' dir='ltr'>VIII.</span> <span class='ocrx_word' id='word_1_767' title='bbox 1496 2622 1599 2649; x_wconf 75' lang='lat' dir='ltr'>Polyy.</span> <span class='ocrx_word' id='word_1_768' title='bbox 1619 2621 1685 2642; x_wconf 80' lang='lat' dir='ltr'>adest</span> <span class='ocrx_word' id='word_1_769' title='bbox 1704 2617 1744 2648; x_wconf 65' lang='lat' dir='ltr'>§ro</span> <span class='ocrx_word' id='word_1_770' title='bbox 1762 2621 1865 2642; x_wconf 71' lang='lat' dir='ltr'>Miehelia</span> 
     </span>
    </p>
   </div>
   <div class='ocr_carea' id='block_1_11' title="bbox 246 2664 1846 2683">
    <p class='ocr_par' dir='ltr' id='par_1_16' title="bbox 246 2664 1846 2683">
     <span class='ocr_line' id='line_1_57' title="bbox 246 2664 1846 2683; baseline 0 0"><span class='ocrx_word' id='word_1_771' title='bbox 246 2664 1846 2683; x_wconf 95' lang='lat' dir='ltr'> </span> 
     </span>
    </p>
   </div>
   <div class='ocr_carea' id='block_1_12' title="bbox 141 2708 1861 2813">
    <p class='ocr_par' dir='ltr' id='par_1_17' title="bbox 141 2708 1861 2813">
     <span class='ocr_line' id='line_1_58' title="bbox 193 2708 1861 2751; baseline 0.013 -24"><span class='ocrx_word' id='word_1_772' title='bbox 193 2708 228 2747; x_wconf 44' lang='lat'>¹1)</span> <span class='ocrx_word' id='word_1_773' title='bbox 262 2708 339 2747; x_wconf 76' lang='lat' dir='ltr'>Neque</span> <span class='ocrx_word' id='word_1_774' title='bbox 355 2710 411 2729; x_wconf 78' lang='lat' dir='ltr'>enim</span> <span class='ocrx_word' id='word_1_775' title='bbox 428 2716 448 2730; x_wconf 72' lang='lat' dir='ltr'>v.</span> <span class='ocrx_word' id='word_1_776' title='bbox 467 2716 486 2731; x_wconf 77' lang='lat' dir='ltr'>c.</span> <span class='ocrx_word' id='word_1_777' title='bbox 510 2712 531 2732; x_wconf 86' lang='lat' dir='ltr'>in</span> <span class='ocrx_word' id='word_1_778' title='bbox 548 2715 618 2734; x_wconf 83' lang='lat' dir='ltr'>mente</span> <span class='ocrx_word' id='word_1_779' title='bbox 636 2715 699 2734; x_wconf 80' lang='lat' dir='ltr'>nohis</span> <span class='ocrx_word' id='word_1_780' title='bbox 716 2717 765 2739; x_wconf 81' lang='lat' dir='ltr'>est,</span> <span class='ocrx_word' id='word_1_781' title='bbox 783 2716 879 2742; x_wconf 76' lang='lat' dir='ltr'>recipere</span> <span class='ocrx_word' id='word_1_782' title='bbox 897 2717 937 2736; x_wconf 86' lang='lat' dir='ltr'>sub</span> <span class='ocrx_word' id='word_1_783' title='bbox 961 2717 1128 2739; x_wconf 77' lang='lat' dir='ltr'>Boerhavia</span> <span class='ocrx_word' id='word_1_784' title='bbox 1151 2720 1226 2740; x_wconf 80' lang='lat' dir='ltr'>laudes</span> <span class='ocrx_word' id='word_1_785' title='bbox 1244 2721 1369 2743; x_wconf 80' lang='lat' dir='ltr'>immortalis</span> <span class='ocrx_word' id='word_1_786' title='bbox 1387 2723 1502 2745; x_wconf 78' lang='lat' dir='ltr'>Boerhavii</span> <span class='ocrx_word' id='word_1_787' title='bbox 1518 2731 1546 2744; x_wconf 73' lang='lat' dir='ltr'>ex</span> <span class='ocrx_word' id='word_1_788' title='bbox 1566 2725 1594 2746; x_wconf 79' lang='grc' dir='ltr'>Η.</span> <span class='ocrx_word' id='word_1_789' title='bbox 1614 2725 1680 2750; x_wconf 69' lang='lat' dir='ltr'>clim,</span> <span class='ocrx_word' id='word_1_790' title='bbox 1698 2726 1731 2746; x_wconf 85' lang='lat' dir='ltr'>vel</span> <span class='ocrx_word' id='word_1_791' title='bbox 1757 2726 1861 2751; x_wconf 79' lang='lat' dir='ltr'>originem</span> 
     </span>
     <span class='ocr_line' id='line_1_59' title="bbox 141 2744 1855 2781; baseline 0.013 -21"><span class='ocrx_word' id='word_1_792' title='bbox 141 2747 248 2762; x_wconf 80' lang='lat' dir='ltr'>nominum</span> <span class='ocrx_word' id='word_1_793' title='bbox 265 2748 410 2767; x_wconf 70' lang='lat' dir='ltr'>gener-neutum</span> <span class='ocrx_word' id='word_1_794' title='bbox 427 2744 551 2770; x_wconf 77' lang='lat' dir='ltr'>Rosiae,</span> <span class='ocrx_word' id='word_1_795' title='bbox 571 2747 763 2773; x_wconf 74' lang='lat' dir='ltr'>Corrigiolae</span> <span class='ocrx_word' id='word_1_796' title='bbox 781 2752 822 2769; x_wconf 76' lang='lat' dir='ltr'>etc.</span> <span class='ocrx_word' id='word_1_797' title='bbox 847 2756 876 2770; x_wconf 82' lang='lat' dir='ltr'>ex</span> <span class='ocrx_word' id='word_1_798' title='bbox 899 2750 926 2770; x_wconf 86' lang='lat' dir='ltr'>H.</span> <span class='ocrx_word' id='word_1_799' title='bbox 937 2751 991 2772; x_wconf 76' lang='lat' dir='ltr'>Cliff.</span> <span class='ocrx_word' id='word_1_800' title='bbox 1013 2753 1035 2772; x_wconf 81' lang='lat' dir='ltr'>et</span> <span class='ocrx_word' id='word_1_801' title='bbox 1051 2752 1081 2773; x_wconf 75' lang='lat' dir='ltr'>fl.</span> <span class='ocrx_word' id='word_1_802' title='bbox 1101 2753 1182 2779; x_wconf 78' lang='lat' dir='ltr'>anp.‚</span> <span class='ocrx_word' id='word_1_803' title='bbox 1201 2754 1235 2774; x_wconf 82' lang='lat' dir='ltr'>vel</span> <span class='ocrx_word' id='word_1_804' title='bbox 1253 2756 1339 2777; x_wconf 78' lang='lat' dir='ltr'>notulas</span> <span class='ocrx_word' id='word_1_805' title='bbox 1355 2757 1478 2778; x_wconf 76' lang='lat' dir='ltr'>innumeras</span> <span class='ocrx_word' id='word_1_806' title='bbox 1492 2761 1641 2780; x_wconf 65' lang='lat' dir='ltr'>oeconomicus</span> <span class='ocrx_word' id='word_1_807' title='bbox 1677 2760 1795 2781; x_wconf 71' lang='lat' dir='ltr'>medieates</span> <span class='ocrx_word' id='word_1_808' title='bbox 1813 2761 1855 2781; x_wconf 70' lang='lat' dir='ltr'>etc-</span> 
     </span>
     <span class='ocr_line' id='line_1_60' title="bbox 141 2775 1655 2813; baseline 0.013 -18"><span class='ocrx_word' id='word_1_809' title='bbox 141 2781 169 2795; x_wconf 68' lang='lat' dir='ltr'>es</span> <span class='ocrx_word' id='word_1_810' title='bbox 183 2775 212 2796; x_wconf 77' lang='lat' dir='ltr'>fl.</span> <span class='ocrx_word' id='word_1_811' title='bbox 229 2776 298 2802; x_wconf 76' lang='lat' dir='ltr'>Lapp.</span> <span class='ocrx_word' id='word_1_812' title='bbox 315 2778 337 2796; x_wconf 79' lang='lat' dir='ltr'>et</span> <span class='ocrx_word' id='word_1_813' title='bbox 346 2776 443 2799; x_wconf 64' lang='lat' dir='ltr'>suecica.</span> <span class='ocrx_word' id='word_1_814' title='bbox 483 2778 543 2801; x_wconf 77' lang='lat' dir='ltr'>Quae</span> <span class='ocrx_word' id='word_1_815' title='bbox 558 2787 598 2801; x_wconf 87' lang='lat' dir='ltr'>suo</span> <span class='ocrx_word' id='word_1_816' title='bbox 615 2781 662 2803; x_wconf 88' lang='lat' dir='ltr'>loco</span> <span class='ocrx_word' id='word_1_817' title='bbox 679 2783 759 2809; x_wconf 80' lang='lat' dir='ltr'>optime</span> <span class='ocrx_word' id='word_1_818' title='bbox 774 2783 889 2810; x_wconf 76' lang='lat' dir='ltr'>aliquando</span> <span class='ocrx_word' id='word_1_819' title='bbox 909 2785 1007 2806; x_wconf 74' lang='lat' dir='ltr'>iuvenies</span> <span class='ocrx_word' id='word_1_820' title='bbox 1024 2786 1047 2806; x_wconf 83' lang='lat' dir='ltr'>in</span> <span class='ocrx_word' id='word_1_821' title='bbox 1065 2786 1173 2813; x_wconf 71' lang='lat' dir='ltr'>Operibus</span> <span class='ocrx_word' id='word_1_822' title='bbox 1188 2788 1289 2810; x_wconf 81' lang='lat' dir='ltr'>Linnoei&#39;.</span> <span class='ocrx_word' id='word_1_823' title='bbox 1649 2775 1655 2784; x_wconf 50' lang='lat'>²</span> 
     </span>
    </p>
   </div>
  </div>
 </body>
</html>
